2700 4582
1189 132 1231 218 29

104 322 158 386 bus
181 317 329 397 Maximi,
362 337 440 400 quae
471 319 499 384 ei
528 320 610 383 male
640 320 806 384 cesserunt.
850 319 927 384 Rem
954 317 1057 398 ipsam
1086 323 1230 401 quoniam

102 422 195 488 supra
215 404 281 468 iam
303 403 626 483 commemoravimus,
662 405 720 468 hoc
742 404 808 468 loco
831 403 1012 468 testimonia
1032 407 1230 486 proferemus.

102 490 203 556 Testis
227 490 518 571 praestantissimus
535 491 583 554 est
600 487 770 554 Cassiodor.
786 488 860 552 hist.
877 490 948 573 trip.
968 489 998 566 9,
1021 490 1078 553 23:
1097 491 1231 567 ,Verum

101 576 271 658 imperator
302 575 491 640 Theodosius
525 575 598 638 dum
631 575 800 657 tyrannum
834 575 1067 658 aggrederetur,
1102 593 1230 656 cognos-

101 662 206 726 centes
228 660 360 725 Maximi
380 660 500 724 milites
528 660 735 741 praesentiam
760 660 976 724 instructionis
999 659 1170 740 imperialis
1199 662 1231 724 et

101 749 261 830 signorum
284 747 350 809 eius
372 747 554 822 adventum,
589 764 644 810 nec
663 745 766 809 ,famae
801 745 926 826 quidem
957 746 1055 826 ipsius
1081 747 1232 827 immtum

100 831 256 896 sustinere
283 829 539 911 praevaluerunt,
574 833 627 894 sed
661 831 921 913 apprehendentes
948 834 1117 913 tyrannum
1141 831 1230 893 vine-

100 920 169 982 tum
192 915 221 980 ei
243 918 384 998 protinus
408 915 605 997 obtulerunt,
639 917 692 996 qui
726 915 832 980 eodem
864 916 1026 979 consulatu
1052 916 1231 997 peremptus

100 1003 146 1067 est
168 1000 302 1083 septima
325 1002 358 1064 et
380 998 530 1083 vigesima
552 1000 600 1064 die
622 1001 757 1083 Augusti
780 1002 897 1065 mensis
920 1050 926 1063 .
952 1051 959 1064 .
983 1050 991 1063 .
1025 1000 1112 1064 Tunc
1132 1001 1231 1084 igitur

20 1139 25 1144 .
102 1087 301 1169 imperatores
326 1085 566 1150 Valentinianus
598 1087 630 1150 et
652 1086 841 1151 Theodosius
870 1087 992 1167 peracta
1019 1085 1150 1167 uictoria
1177 1104 1230 1150 ve-

101 1191 172 1236 nere
194 1172 337 1236 Romam.
383 1172 458 1236 Erat
480 1171 565 1235 enim
591 1190 662 1235 cum
691 1172 736 1235 eis
764 1170 881 1253 pariter
909 1175 941 1235 et
962 1170 1114 1235 Honorias
1141 1171 1230 1234 valde

100 1276 207 1339 puer.
231 1303 239 1320 .
264 1304 272 1320 .
317 1258 460 1337 Dumque
489 1257 523 1319 in
545 1257 685 1336 Romana
701 1310 703 1315 ,
718 1255 794 1319 urbe
816 1257 1009 1320 morarentur
1042 1255 1230 1320 festivitates

100 1359 154 1424 pro
166 1340 300 1406 uictoria
311 1342 512 1420 celebrantes,
535 1342 611 1405 tune
621 1359 710 1405 suam
725 1340 900 1405 bonitatem
916 1342 997 1406 circa
1010 1342 1230 1425 Symmachum

101 1427 296 1507 exconsulem
317 1426 505 1490 Theodosius
533 1425 701 1507 imperator
729 1426 874 1491 ostendit.
919 1428 951 1491 Is
980 1427 1065 1492 enim
1082 1427 1230 1509 'Symma-

101 1513 174 1577 chus
208 1513 292 1575 iuter
329 1514 483 1576 senatores
517 1511 699 1595 praecipuus
732 1512 903 1576 habebatur
939 1513 1065 1595 eratque
1098 1513 1230 1576 Romani

101 1596 215 1679 eloquii
244 1597 413 1661 eruditione
440 1597 609 1677 mirabilis,
643 1598 730 1661 cuius
764 1597 860 1662 multi
888 1615 1008 1679 quoque
1036 1597 1230 1677 reperiuntur

100 1682 182 1763 libri.
229 1681 361 1764 Scripsit
383 1682 488 1746 autem
510 1682 640 1746 Maximi
661 1683 784 1747 laudem
808 1700 934 1764 eamque
955 1683 1113 1759 recitavit,
1151 1681 1230 1745 unde

101 1769 208 1850 postea
240 1786 308 1832 reus
340 1768 513 1832 maiestatis
546 1786 612 1831 esse
647 1768 818 1831 videbatur.
863 1767 1069 1847 Quamobrem
1098 1768 1230 1831 mortem

100 1858 242 1918 metuens
264 1852 404 1935 confugit
424 1851 458 1915 in
480 1852 651 1916 ecclesiam.
691 1853 805 1917 Verum
832 1851 1013 1933 imperator,
1047 1872 1118 1917 cum
1150 1855 1231 1917 esset

100 1937 343 2019 perfectissimae
365 1937 602 2002 christianitatis
626 1940 657 2000 et
680 1955 740 2001 uon
763 1938 864 2002 solum
886 1956 957 2003 suae
972 1937 1043 2001 fidei
1058 1937 1230 2022 sacerdotes

100 2025 264 2088 honoraret
285 2025 341 2087 sed
364 2023 459 2087 etiam
481 2022 688 2100 Novatianos,
722 2023 775 2103 qui
796 2022 933 2106 proxime
964 2023 1061 2104 ipsius
1083 2022 1155 2086 fidei
1178 2023 1229 2087 de-

101 2110 184 2173 creta
205 2109 373 2187 servarent,
398 2109 525 2172 Leontio
548 2114 622 2172 tunc
644 2109 781 2172 Romano
804 2110 942 2192 episcopo
966 2108 1109 2173 ecclesiae
1126 2107 1230 2172 Nova·

100 2194 257 2258 tianorum
284 2193 408 2275 roganti
435 2193 617 2258 beneficium
644 2194 814 2271 conferens,
850 2193 1071 2276 Symmachum
1098 2192 1232 2257 absolvit

100 2297 118 2343 a
139 2279 279 2344 crimine.
313 2281 452 2360 (lamque
475 2277 596 2342 veniam
618 2278 819 2361 Symmachus
841 2281 1017 2357 meruisset,
1047 2277 1229 2361 apologeti-

101 2382 187 2442 cum,
209 2363 242 2427 id
264 2367 310 2429 est
338 2363 615 2428 satisfactionalem
643 2365 758 2428 librum
775 2363 946 2428 Theodosio
968 2364 1149 2445 conscripsit
1170 2365 1231 2427 im·

99 2448 264 2532 peratori.“
290 2450 328 2512 In
351 2449 408 2511 hac
430 2450 604 2513 narratione
627 2449 720 2531 plana
742 2454 773 2513 et
795 2449 956 2531 perspicua
978 2450 1010 2513 id
1026 2450 1117 2514 modo
1132 2449 1229 2514 mira-

99 2535 162 2600 bile
185 2534 276 2612 inest,
300 2534 381 2616 quod
395 2552 422 2597 a.
447 2534 529 2611 388,
553 2554 613 2615 quo
626 2536 779 2598 Maximus
801 2536 984 2599 interfectus
1005 2535 1053 2599 est
1075 2538 1106 2599 et
1129 2535 1230 2599 orator

99 2618 133 2683 in
155 2620 315 2684 ecclesiam
339 2619 488 2702 confugit,
512 2621 576 2685 iam
598 2621 775 2684 nominatur
797 2620 951 2697 exconsul,
975 2640 1045 2686 cum
1062 2638 1088 2682 a.
1106 2620 1230 2684 demum

100 2705 171 2770 391.
195 2706 340 2785 primum,
364 2711 445 2787 quod
470 2705 594 2783 scimus,
619 2705 813 2770 consulatum
836 2707 975 2790 gesserit.
1020 2706 1136 2769 Eadem
1158 2723 1229 2769 nar-

100 2792 180 2855 ratio
203 2791 334 2858 habetur
355 2790 436 2873 apud
459 2789 587 2873 Niceph.
611 2790 733 2855 callist.
759 2791 833 2855 hist.
857 2793 1004 2870 eccl.¹12,
1035 2791 1092 2869 213
1123 2789 1228 2855 Socra-

99 2877 161 2940 tem
183 2875 214 2938 h.
238 2894 264 2938 e.
288 2876 317 2953 b,
350 2878 405 2955 143
436 2875 564 2940 Suidam
590 2894 614 2938 s.
639 2894 666 2939 v,
689 2873 899 2952 aubertinam.
937 2876 1140 2961 Symmachus
1163 2874 1229 2958 ipse

99 2969 163 3025 rem
185 2960 435 3044 ingratissimam
459 2962 594 3026 demisso
623 2960 727 3025 animo
755 2966 786 3027 et
813 2964 914 3026 verbis
937 2961 1092 3026 flebilibus
1120 2962 1229 3043 attigit

101 3064 146 3126 ep.
171 3046 200 3124 8,
224 3047 281 3111 69:
308 3047 433 3124 ,Unum
455 3047 568 3128 quippe
589 3048 647 3110 hec
669 3047 846 3111 litterarum
863 3066 958 3130 genus
976 3046 1137 3129 (epistolas
1153 3045 1229 3108 dicit

99 3130 288 3214 scribendas)
323 3140 464 3213 superest
496 3133 566 3213 post
599 3148 719 3195 amaros
752 3151 839 3195 casus
873 3132 1048 3196 orationum
1079 3149 1226 3209 mearum,

99 3217 179 3300 quod
200 3234 251 3293 me
272 3218 313 3281 ad
336 3236 427 3280 usum
449 3216 602 3280 scribendi
625 3217 722 3297 possit
745 3218 897 3281 allicere.“
930 3220 980 3282 Ad
1002 3216 1229 3301 apologeticum

98 3300 215 3365 librum
238 3301 406 3367 Theodosio
429 3303 561 3366 missum
583 3304 740 3384 spectant,
775 3321 852 3384 quae
885 3307 958 3368 sunt
985 3305 1017 3367 in
1046 3304 1147 3384 ep2,
1173 3303 1227 3366 13:

102 3384 199 3465 ,Cum
221 3387 328 3451 civiles
355 3389 387 3451 et
409 3387 536 3452 bellicas
568 3389 673 3452 laudes
702 3387 818 3452 domini
846 3391 945 3454 nostri
968 3388 1132 3452 Theodosii
1161 3387 1228 3450 stili

98 3470 211 3536 honore
232 3490 439 3554 percurrerem
464 3473 578 3557 (magis
606 3473 689 3537 enim
712 3472 877 3556 contigisse
904 3493 955 3537 me
984 3473 1101 3552 omnia,
1134 3491 1229 3555 quam

99 3557 307 3640 satisfecisse
330 3558 462 3641 singulis
485 3558 614 3644 fateor),
641 3561 734 3623 etiam
757 3560 840 3641 leges
865 3560 931 3623 eius
954 3559 1041 3622 bonis
1064 3559 1149 3639 pacis
1172 3557 1228 3620 ada

98 3643 224 3720 miscui,
259 3661 336 3724 quas
359 3651 395 3706 ut
412 3662 562 3725 <noveram
583 3646 693 3726 priscis
721 3644 872 3708 ademisse
897 3643 1148 3720 admirationem,
1184 3643 1229 3706 ita

97 3745 269 3792 reservasse
292 3729 380 3793 nevis
403 3747 508 3809 parem
530 3731 664 3812 gloriam
687 3749 746 3794 non
768 3731 919 3811 putabam
942 3732 1019 3791 ete“.
1043 3728 1171 3792 Pauculi
1194 3727 1227 3790 hi

98 3831 206 3877 versus
233 3815 324 3878 modo
351 3815 466 3896 prolati
495 3816 558 3880 iam
586 3816 814 3913 demonstrantg
829 3819 980 3878 oratorem
1013 3813 1229 3878 laudationum

98 3900 245 3963 cothurno
268 3899 491 3984 ingredientem
513 3903 545 3964 et
568 3900 650 3966 viam
672 3903 711 3965 ab
734 3903 877 3965 omnibus
900 3901 1009 3965 tritam
1031 3901 1133 3981 ipsum
1151 3917 1227 3980 quo-

98 4001 157 4064 que
179 3989 368 4066 carpentem.

200 4088 401 4168 Orationem,
442 4109 518 4171 quae
550 4092 616 4156 iam
653 4110 777 4173 prorsus
815 4091 990 4172 deperditae
1026 4090 1227 4169 habebantur,

97 4171 271 4256 fragmenta
304 4176 455 4258 quaedam
484 4176 523 4241 Α.
546 4179 649 4244 Maius
676 4180 799 4244 inuenit
828 4180 1017 4262 primusque
1042 4176 1149 4238 edith
1160 4177 1243 4234 Mss-

93 4257 211 4324 diolani
234 4261 337 4342 1815,
362 4263 400 4330 ad
425 4283 508 4350 quae
530 4270 643 4352 postea
662 4287 768 4352 pauca
790 4266 956 4351 quaedam
972 4258 1197 4328 accesserim,
