2700 4582
72 111 213 178 sublatus
236 110 295 174 est.
324 108 462 174 Offendit
484 128 534 173 me
556 110 696 174 infausta
717 109 854 175 narratio
876 111 969 192 atqua
994 108 1064 173 ideo
1087 108 1121 173 in
1143 108 1201 175 hac

71 195 260 278 expositione
282 196 410 260 servabo
424 193 640 260 brevitatem.“
663 195 709 260 At
723 194 785 260 alia
807 195 960 260 hahentur
982 193 1083 259 multo
1107 195 1203 261 etiam

71 282 220 366 graviora.
264 281 371 362 Ipsum
403 280 596 363 haruspicem
630 281 736 346 audire
764 280 824 345 tibi
852 281 982 359 videris,
1012 298 1082 344 cum
1113 280 1202 363 legis,

69 387 146 449 quae
174 368 237 432 ille
259 366 383 450 scripsit
406 386 453 448 ap.
480 368 507 445 l,
542 367 599 431 49:
638 366 820 447 ,impendio
850 385 945 449 angor
974 365 1086 442 animi,
1122 366 1203 447 quod

69 451 225 519 sacrificiis
247 451 476 533 multiplicibus
500 456 531 519 01
558 452 774 535 persingulas
803 453 973 532 potestates
1002 469 1090 532 00000
1113 470 1203 533 1000-

68 537 147 617 titis,
172 537 301 603 necdum
316 538 439 619 publico
455 539 580 603 nomine
595 536 790 619 Spoletinum
812 537 1094 619 piaturostentnm.
1119 535 1201 601 Nam

69 626 100 688 at
120 623 232 688 dorem
256 623 307 688 vix
328 623 510 705 propitiavit
533 626 641 689 octava
661 623 806 688 mactatio
829 623 861 688 01
882 624 1036 687 Fortunae
1052 620 1201 686 Publicae

68 707 244 792 multiiugis
268 708 379 774 hostiis
409 710 615 792 nequicquam
636 709 818 774 undecimus
840 710 937 773 honor
964 708 1065 772 factus
1088 708 1150 772 est.
1166 757 1193 771 ..

68 793 187 860 (iurabo
203 794 289 871 scias,
313 793 340 858 01
356 795 431 877 quid
447 795 581 860 remedia
595 794 702 860 divina
717 795 964 876 permoverunt.“
990 793 1040 858 Ab
1057 793 1105 857 his
1120 791 1199 858 locis

68 880 179 945 tertius
195 897 256 943 non
272 879 408 944 multum
424 880 536 945 differt.
561 879 640 945 Cum
654 882 727 944 urbs
746 879 932 962 gravissima
946 878 1028 943 1000
1043 876 1198 942 1010101οῐ

69 967 99 1029 01
121 963 220 1030 00101
242 963 359 1030 civium
380 985 451 1049 0010
474 966 511 1030 da
540 966 640 1031 salute
663 964 787 1030 omnino
809 964 874 1029 iam
896 964 1082 1046 desperaret,
1108 965 1202 1028 erant·

67 1049 98 1114 in
121 1051 241 1127 senata,
265 1052 318 1133 qni
340 1069 376 1115 ex
399 1052 536 1116 veterum
566 1070 653 1116 more
675 1069 729 1133 pro
756 1050 915 1116 alimentis
938 1047 1046 1133 populi
1068 1048 1201 1114 Romam

67 1135 325 1306 snpplicapipnem
358 1136 568 1215 decumanam,
603 1135 788 1220 Symmacho
822 1153 1016 1219 summopere
1049 1134 1199 1200 suadente

34 1251 38 1263 r
81 1239 127 1304 op·
151 1222 182 1299 4,
244 1271 251 1285 ·
827 1264 830 1269 ⁴

67 1222 80 1326 ς
167 1307 214 1383 10,
243 1306 296 1387 qui
318 1307 407 1370 tanta
436 1308 597 1373 devotione
625 1306 763 1391 antiquis
796 1306 893 1372 sacris
915 1305 1078 1372 devinctus
1108 1305 1198 1382 esset,

67 1392 148 1457 certe
170 1392 347 1471 hominum,
371 1393 514 1474 quitum
538 1394 640 1469 arant,
671 1410 743 1475 erga
763 1392 946 1474 religionem
969 1390 1196 1476 negligentiam

66 1495 126 1541 non
156 1477 279 1559 poterat
292 1481 366 1542 'non
392 1477 502 1544 dolere.
547 1478 633 1544 Talis
662 1479 747 1543 locus
776 1476 910 1542 habetur
937 1476 973 1540 in
1002 1495 1050 1557 00.
1076 1478 1116 1563 1,ι
1135 1475 1192 1542 51:

69 1580 185 1643 ,neque
207 1563 375 1628 00101011
397 1563 519 1628 animus
541 1563 575 1628 in
590 1564 680 1628 tanta
702 1564 897 1628 sacerdotum
919 1560 1112 1646 negligentia
1132 1562 1196 1627 suf·

64 1648 152 1713 licere
175 1647 336 1733 collegam.
381 1649 489 1713 Fuerit
514 1650 590 1714 haec
617 1650 694 1713 olim
722 1650 853 1730 simplex
883 1647 1007 1712 divinae
1037 1646 1082 1710 rei
1113 1647 1196 1712 dele-

64 1733 159 1816 gatio.
205 1732 296 1798 Nunc
322 1732 384 1798 aris
412 1734 514 1800 deesse
536 1736 689 1800 Romanos
721 1753 817 1818 genus
841 1734 890 1798 est
919 1731 1104 1798 ambiendi.“
1150 1733 1196 1798 De

63 1817 278 1899 Neapolitanis
306 1821 461 1902 praeconii
488 1821 578 1885 modo
616 1821 752 1898 ,Deum“
778 1819 900 1900 inquit,
939 1817 1094 1898 ,maxima
1124 1836 1195 1900 pars

64 1905 246 1969 veneratur“
272 1908 331 1986 (ap.
351 1905 378 1983 l,
394 1904 440 1990 3).
464 1905 552 1970 Idam
574 1905 608 1970 in
630 1905 765 1988 singulis
781 1906 900 1987 quoque
916 1905 1006 1968 rebus
1021 1902 1195 1969 minorihus

63 1989 372 2065 observantissimum
395 2010 427 2055 se
450 1991 615 2072 praestitit.
644 1991 718 2055 Dies
740 1991 836 2055 fastos
856 1990 995 2054 Vestales
1019 2007 1038 2053 a
1060 2007 1092 2052 00
1115 1990 1196 2054 cele-

62 2075 166 2139 bratos
188 2075 350 2156 profitetur
373 2076 465 2159 002,
489 2077 540 2155 59,
564 2077 602 2140 ad
625 2076 790 2140 sollemnia
805 2075 964 2140 Minervae
979 2074 1039 2139 1110
1055 2074 1196 2138 obeunda

61 2159 206 2238 amicum,
228 2161 264 2224 ut
279 2161 317 2225 ad
341 2180 373 2225 sa
389 2162 503 2241 veniat,
526 2161 643 2232 inritat
658 2161 778 2227 victum
801 2160 897 2225 simul
920 2159 1118 2241 promittens,
1141 2162 1195 2225 sed

60 2263 190 2394 11111
215 2247 616 2416 therebinthus
629 2247 701 2398 11
723 2245 1194 2414 hebethebet

61 2416 311 2480 sustentaturum
333 2435 396 2481 esse
418 2419 452 2481 in
479 2419 574 2484 sacris
598 2417 724 2482 deorum
747 2415 942 2481 conficiendis
965 2415 1138 2497 promittit,
1162 2416 1194 2480 et

61 2519 106 2582 ep.
123 2501 154 2577 2,
171 2500 213 2565 34
236 2520 323 2566 00010
344 2503 455 2568 001110
478 2503 579 2568 Deum
602 2505 881 2568 commemorantur
896 2501 1058 2566 celebrata.
1082 2501 1192 2567 Vesta-

60 2586 114 2663 les,
138 2603 215 2667 quae
236 2587 319 2652 inter
333 2589 504 2653 sacerdotia
526 2607 646 2654 summo
669 2607 790 2669 semper
812 2588 900 2653 cultu
922 2587 1086 2652 honoratae
1110 2586 1191 2666 sunt,

60 2671 262 2754 Symmachus
279 2691 398 2757 quoque
420 2674 582 2758 praecipuo
603 2675 707 2738 farore
729 2674 890 2756 amplexus
913 2674 969 2748 001,
992 2672 1072 2753 quod
1088 2679 1192 2753 aperte

60 2757 277 2836 pronuntiavit
298 2759 333 2822 in
356 2778 402 2842 ep.
426 2761 550 2838 9,108:
576 2761 648 2846 „sed
672 2778 726 2842 ego
749 2760 782 2823 in
804 2777 906 2824 sacrae
922 2756 1051 2840 virginis
1074 2757 1190 2822 10000

60 2841 106 2905 nil
129 2841 231 2923 patior
253 2842 344 2909 licere
367 2843 591 2910 sermonibus&

159 2926 197 2991 In
220 2928 360 3012 epistolis
375 2930 628 3012 frequentissima
649 2929 780 2995 habetur
795 2930 920 2995 deorum
944 2928 1191 2994 commemoratio

58 3011 218 3095 eiusmodi,
243 3016 279 3078 ut
299 3034 357 3092 res,
381 3016 418 3081 de
433 3035 494 3098 qua
508 3015 621 3100 agitur,
646 3034 752 3081 eorum
775 3015 897 3080 numini
919 3014 1191 3098 permittaturaut

58 3115 94 3160 ax
115 3099 246 3180 antiqua
261 3101 352 3166 modo
367 3103 589 3167 consuetudine
611 3120 718 3169 eorum
741 3100 857 3166 mentio
880 3101 943 3166 liat.
967 3102 1043 3166 Eius
1067 3099 1188 3183 generis

57 3185 146 3246 sunt:
170 3183 519 3269 110010100100006,
543 3188 600 3262 65;
624 3190 652 3265 7,
679 3187 732 3265 14;
757 3187 881 3268 auspice
896 3185 961 3251 Deo
984 3205 1030 3269 ep.
1056 3186 1107 3260 10,
1133 3186 1187 3265 15,

56 3265 129 3364 Iove
150 3270 230 3334 10010
253 3290 299 3354 00.
313 3271 418 3356 9,’92;
443 3272 500 3337 Dei
516 3271 607 3338 venia
623 3291 667 3353 ep.
685 3273 713 3348 6,
741 3272 794 3354 19;
817 3272 924 3336 divina
946 3290 1002 3354 ope
1024 3290 1069 3353 00.
1083 3271 1113 3349 2,
1127 3271 1187 3346 49;

56 3351 162 3417 divina
183 3355 341 3422 miseratio
364 3376 409 3438 ep.
433 3357 463 3435 5,
486 3359 547 3434 90;
575 3357 602 3422 si
630 3357 675 3422 dii
697 3357 835 3422 iuverint
862 3376 907 3439 00.
933 3357 962 3435 8,
991 3358 1033 3440 23
1062 3355 1187 3420 divinus

55 3436 143 3502 favor
173 3458 240 3523 epp.
265 3443 294 3520 8,
326 3443 384 3526 443
413 3444 441 3524 9,
476 3444 534 3526 733
563 3441 743 3508 coelestium
774 3442 861 3507 favor
889 3442 1072 3526 00.8,14;
1101 3443 1188 3507 favor

54 3524 201 3605 praesidii
225 3527 366 3592 coelestis
389 3530 480 3610 008,
499 3530 559 3604 153
583 3529 647 3592 Deo
671 3529 795 3593 auctore
810 3547 856 3610 ep.
873 3529 903 3608 8,
919 3528 980 3603 47;
1004 3526 1187 3610 suffragium

55 3607 240 3676 salutarium
263 3613 454 3696 potestatum
476 3634 522 3698 00.
546 3615 575 3691 8,
598 3613 655 3694 59;
685 3615 712 3678 01
733 3613 942 3679 innocentiam
963 3611 1061 3678 diuini
1089 3612 1186 3695 respi-

10 3715 15 3729 ·
55 3693 143 3758 ciunt
164 3700 330 3779 ep.8,18;
354 3717 409 3780 000
428 3699 603 3765 divinitatis
626 3717 673 3782 ep.
689 3700 718 3777 8,
743 3700 800 3780 133
824 3699 873 3764 dei
895 3698 1008 3763 salutis
1031 3697 1185 3781 praesides

55 3797 101 3862 ap.
125 3783 157 3862 8,
180 3783 234 3862 703
268 3785 327 3849 Dei
349 3786 445 3850 nutus
468 3804 513 3869 00.
538 3785 568 3860 6,
593 3784 653 3860 33;
680 3785 823 3851 coelestis
846 3786 983 3867 00100100
1006 3801 1051 3868 00.
1075 3783 1104 3862 8,
1127 3783 1185 3861 473

54 3882 126 3929 cum
148 3867 230 3934 bona
245 3869 303 3935 Dei
326 3871 416 3934 vania
440 3889 486 3952 00.
509 3871 538 3949 8,
562 3868 613 3934 58.
659 3869 907 3936 6000000010
921 3871 1013 3949 1000,
1037 3887 1096 3952 qua
1110 3872 1184 3936 urbs

23 3949 166 4017 misere
194 3954 430 4036 devastabatur,
464 3956 503 4020 ad
532 3957 604 4022 deos
636 3957 778 4042 confugit
805 3957 1009 4032 exclamans,
1026 3955 1205 4044 0011610

52 4035 256 4120 ,1)11001111,
288 4041 383 4109 100110
409 4041 553 4132 gratiam
579 4045 809 4132 neglectorum
827 4044 1042 4109 summorum
1067 4043 1237 4094 ffibffi

38 4122 153 4186 amem
173 4127 329 4213 pellite!“
357 4136 392 4201 et
416 4135 456 4205 de
482 4135 598 4206 eedem
628 4154 662 4206 re
692 4131 831 4204 scirbit.
867 4126 986 4213 ,Notus
1008 4133 1097 4203 bhffi
1115 4109 1194 4176 1111
1214 4101 1268 4157 ‘³⁸³
