2700 4582
1221 124 1243 187 5

109 301 162 368 oui
184 303 356 369 Gratianus
378 302 591 369 instituendus
614 303 869 370 committeretur.
904 303 1015 370 Omnia
1037 307 1128 384 certe,
1151 314 1188 371 ut
1208 307 1242 372 id

108 389 300 464 statuamus,
323 391 451 454 suadere
474 390 512 455 et
528 408 636 473 cogere
660 388 819 469 videntur,
848 392 950 468 locus,
979 392 1133 474 tempora,
1163 392 1242 456 ami-

109 473 184 538 citia
205 493 260 557 per
281 475 382 539 totam
404 475 503 541 vitam
524 476 575 557 pie
598 477 729 541 serrata.
754 474 837 539 Nam
860 476 1033 541 Ausonium
1056 477 1242 561 Burdigalae

109 559 280 624 rhetoricen
302 559 440 626 docuisse
463 562 510 638 et,
534 579 605 626 cum
627 562 720 626 natus
742 561 824 626 esset
844 579 872 625 a
896 560 958 626 fere
980 561 1052 627 310.
1098 559 1242 646 Symma-

109 645 202 709 chum
225 645 327 710 aetate
349 647 486 710 multum
508 664 683 729 superasse,
710 645 793 710 inter
815 647 1081 729 omnes‚cnnstat;
1103 647 1140 713 de
1160 647 1241 714 ami·

108 729 194 806 sitia,
217 749 277 812 qua
299 731 390 812 ambo
411 731 564 815 singulari
585 731 851 811 devinciebantur,
876 732 958 797 infra
979 732 1075 801 etiam
1097 751 1152 798 suo
1174 734 1242 799 loco

108 815 256 880 dicemus.
306 817 497 881 Tirocinium
533 817 671 882 militare
701 816 870 883 admodum
906 817 1029 882 invenis
1061 817 1176 883 meruit
1207 819 1241 883 in

110 902 259 966 comitatu
277 901 507 979 Valentiniani,
541 921 611 967 cum
644 903 672 968 is
700 901 814 984 oppida
847 902 880 965 in
908 901 1012 967 limite
1033 903 1135 968 Rheni
1168 922 1241 970 con·

108 988 249 1052 strueret.
295 988 603 1054 Praestantissimum
636 988 694 1052 hac
726 988 763 1052 de
790 1007 823 1052 ro
847 984 1000 1053 iudicium
1028 988 1076 1052 est
1099 989 1241 1069 Ausonii,

108 1073 163 1154 qui
184 1072 224 1136 ud
247 1071 469 1155 Symmachum
490 1073 599 1138 scribit
621 1094 668 1156 ep.
692 1075 741 1164 1,1
756 1074 812 1138 32:
847 1072 909 1151 „Et
929 1076 1073 1155 expertus
1094 1092 1126 1138 es
1148 1073 1242 1140 fidem

108 1177 194 1223 meae
217 1158 332 1222 mentis
354 1161 447 1240 atque
468 1159 636 1237 dictorum,
665 1178 736 1224 oum
757 1159 791 1223 in
813 1155 964 1224 comitatu
986 1158 1129 1241 degimus
1150 1162 1242 1227 ambo

107 1262 184 1309 aevo
211 1242 342 1326 dispari,
377 1243 432 1308 nbi
460 1247 496 1309 tu
525 1244 638 1310 veteris
666 1243 801 1311 militiae
829 1243 970 1327 praemia
997 1243 1058 1309 tiro
1086 1244 1241 1323 meruisti,

106 1348 163 1412 ego
186 1327 365 1394 tirocinium
387 1329 451 1393 iam
473 1330 634 1396 ueteranus
657 1329 808 1394 sreroui“.
837 1328 884 1396 df.
908 1330 1002 1394 etiam
1024 1349 1070 1412 ep⁷
1095 1330 1123 1408 1,
1148 1330 1243 1394 liet

107 1414 192 1478 laud.
217 1414 285 1479 Val.
302 1416 331 1491 2,
355 1415 384 1480 6.
408 1414 517 1497 Neque
538 1432 609 1481 vero
625 1414 745 1479 diutius
760 1414 806 1479 rei
829 1413 962 1480 militari
983 1414 1124 1480 intentus
1147 1415 1251 1481 fuisse·

108 1499 240 1578 ridetur,
264 1518 336 1565 cum
358 1518 514 1582 nusquam
537 1499 672 1583 amplius
695 1500 761 1565 eius
783 1500 900 1565 mentio
922 1500 1073 1565 occurrat.

211 1584 289 1650 Cum
319 1585 357 1649 ad
385 1585 539 1667 reliquam
569 1585 751 1669 Symmachi
783 1584 883 1650 vitam
916 1585 1122 1650 enarrandam
1156 1603 1242 1649 acce·

106 1671 235 1746 damus,
267 1672 370 1754 prima
392 1672 662 1736 commemoranda
689 1674 737 1736 est
758 1670 936 1752 inscriptio,
971 1689 1050 1752 quae
1071 1669 1106 1733 in
1129 1667 1241 1735 Orellii

107 1773 232 1838 corpore
246 1756 379 1821 habetur
396 1756 495 1822 1187:
520 1755 665 1832 „Eusebii
682 1756 718 1836 Q.
730 1758 807 1822 Aur.
820 1755 1008 1838 Symmacho
1024 1776 1052 1822 r.
1068 1775 1094 1820 o.
1111 1758 1240 1835 quasso..

105 1843 222 1924 praet,
244 1840 385 1924 pontifici
407 1842 528 1918 maiori,
552 1842 716 1906 correctori
736 1841 892 1907 Lucaniae
915 1842 947 1906 et
967 1839 1167 1918 Brittiorum,
1189 1857 1241 1905 co-

106 1926 178 1990 miti
207 1925 323 1991 ordinis
352 1927 456 2004 tertii,
489 1944 627 2008 procons.
655 1927 796 2005 Africae,
826 1929 923 2008 praef.
953 1927 1037 2003 urb,
1068 1943 1127 1990 cos.
1158 1924 1241 1990 ordi·

106 2011 204 2089 nario,
228 2012 345 2079 oratori
366 2011 571 2078 disertissimo
594 2011 629 2091 Q.
652 2013 728 2078 Fab.
752 2013 795 2077 M.
820 2011 1027 2096 Symmachus
1056 2031 1085 2077 r.
1110 2029 1135 2077 c.
1158 2011 1241 2095 patri

106 2095 254 2178 optimo“.
282 2098 352 2162 Iam
375 2117 410 2162 er
432 2096 492 2162 hae
514 2097 668 2162 honorum
689 2099 922 2163 enumeratione
944 2096 1146 2180 intelligitur,
1168 2114 1241 2194 gra·

15 2209 17 2214 ·
105 2183 183 2247 dum
204 2182 269 2248 fere
297 2201 359 2248 non
389 2201 457 2248 esse
479 2182 662 2264 dignitatis,
698 2184 851 2265 adquam
879 2184 935 2249 ille
966 2201 1028 2247 non
1055 2181 1240 2265 pervenerit.

105 2267 271 2349 Inscriptio
293 2268 399 2334 votiva
421 2269 469 2331 est
491 2267 597 2419 911ξο
620 2268 703 2349 patri
725 2266 837 2333 dicata.
861 2269 920 2349 Qui
942 2267 1093 2351 praefixus
1115 2268 1163 2331 est
1177 2267 1241 2331 hu·

106 2352 209 2419 sebius
238 2355 320 2418 certe
347 2353 415 2417 erat
443 2352 527 2418 inter
578 2353 736 2437 ymmachi
769 2353 1050 2430 familiarissimos;
1084 2370 1155 2417 eum
1185 2352 1241 2416 hoo

105 2440 173 2504 loeo
193 2439 390 2504 nominatum
412 2457 479 2504 esse
500 2439 573 2504 inde
594 2439 778 2519 explicabis,
807 2439 889 2521 quod
912 2459 987 2505 usus
1008 2437 1176 2516 increbuit,
1204 2440 1242 2501 ut

106 2524 179 2589 ante
202 2542 316 2589 nomen
339 2525 416 2602 eius,
439 2525 479 2590 ad
502 2543 593 2607 quem
616 2524 778 2606 inscriptio
793 2525 981 2606 pertinebat,
1003 2543 1085 2589 unus
1101 2542 1137 2587 er
1160 2521 1240 2587 ami-

105 2609 242 2759 {⁸⁸1⁰}ss
264 2609 330 2674 eius
352 2609 588 2694 praefigeretur,
614 2609 664 2674 oui
686 2610 844 2676 artissime
865 2611 1051 2675 coniunctus
1072 2611 1120 2675 ita
1140 2607 1240 2692 signi-

127 2713 196 2760 care
211 2714 258 2758 ur.

206 2779 332 2845 Dicitur
347 2780 396 2845 vir
407 2780 609 2856 clarissimus,
626 2782 708 2862 quod
721 2800 890 2866 cognomen
904 2780 1046 2846 omnium
1061 2778 1121 2843 illa
1136 2779 1242 2843 aetata

104 2869 283 2933 senatorum
306 2866 484 2949 legitimum
499 2867 575 2933 erat.
592 2865 639 2932 df.
654 2868 724 2933 Ael.
740 2866 896 2950 Lamprid.
912 2866 1001 2931 Alex.
1017 2864 1118 2929 Seuer.
1140 2882 1165 2927 c.
1182 2864 1239 2928 al:

107 2951 290 3034 ,praelectis
313 2952 466 3034 praetorio
481 2952 546 3017 suis
562 2953 749 3018 senatoriam
770 2951 889 3018 addidit
910 2951 1107 3035 dignitatem,
1130 2950 1166 3014 nt
1181 2947 1240 3014 viri

104 3037 271 3103 clarissimi
292 3039 326 3102 et
347 3039 454 3102 essent
475 3040 507 3103 et
529 3037 731 3103 dicerentur“.
755 3037 800 3102 Ut
814 3037 878 3102 alia
891 3040 1022 3116 taceam,
1046 3034 1153 3101 eodem
1168 3053 1240 3099 eum

104 3123 288 3206 cognomine
310 3123 495 3188 Ambrosius
517 3122 656 3204 appellat
677 3120 768 3186 initio
790 3141 837 3204 ep.
863 3124 912 3188 18.

207 3208 397 3289 Quaesturae
419 3208 533 3273 notitia
555 3207 655 3274 omnis
677 3206 779 3289 periit.

206 3293 373 3358 Praeturae
396 3293 444 3359 bis
467 3293 500 3358 in
522 3292 661 3375 epistolis
684 3291 828 3357 meminit
850 3295 880 3372 8,
906 3292 946 3356 14
967 3294 999 3358 et
1014 3293 1045 3370 9,
1067 3290 1120 3370 32,
1144 3307 1240 3373 neque

108 3397 177 3444 vero
200 3379 272 3443 inde
295 3379 461 3461 quicquam
484 3379 656 3444 edocemur.

206 3463 390 3529 Pontificem
411 3464 560 3529 maiorem
583 3482 615 3528 se
638 3461 733 3527 etiam
755 3480 801 3544 ep.
827 3464 856 3538 1,
878 3463 919 3528 47
943 3461 1091 3546 appellat.

162 3556 165 3560 ’
205 3550 359 3615 Lucaniae
382 3551 413 3615 et
427 3549 613 3614 Brittiorum
634 3548 787 3613 corrector
809 3550 876 3613 erat
898 3567 925 3612 a.
949 3549 1032 3629 365,
1056 3548 1092 3612 ut
1114 3565 1151 3612 ex
1173 3545 1240 3612 cod.

102 3633 217 3699 Theod.
243 3635 273 3718 8,
296 3634 326 3714 5,
350 3635 392 3701 25
416 3634 621 3719 cognoscitur.

114 3773 116 3778 .
205 3719 315 3786 Comes
337 3719 454 3785 ordinis
477 3719 565 3785 tertii
586 3719 711 3784 honoris
734 3718 847 3784 titulus
870 3719 917 3785 est
939 3717 1070 3800 plurimi
1089 3717 1193 3783 factus
1208 3720 1240 3782 et

104 3805 177 3873 inde
198 3823 218 3871 a
239 3803 437 3871 Constantini
459 3806 562 3872 aetate
584 3807 740 3886 receptus,
771 3823 831 3888 quo
859 3805 891 3869 et
912 3803 1047 3888 publicis
1070 3803 1238 3886 magistra·

103 3889 191 3956 tibus
212 3888 315 3956 functi
345 3891 376 3957 et
402 3891 457 3972 qui
479 3892 702 3973 imperatorum
729 3890 819 3956 aulae
840 3889 990 3972 adscripti
1016 3889 1108 3954 eraut
1134 3888 1237 3954 ornari
1287 3964 1292 3971 Ι

102 3975 250 4126 99191αὲ11.
267 3976 367 4129 teQuis
389 3976 662 4061 distinguebantur
683 3977 812 4060 gradusr
841 3975 968 4041 comites
995 3972 1239 4062 ordinisprimi,

105 4080 202 4129 secun
236 4111 245 4141 ,
357 4111 364 4124 .

206 4147 431 4214 Proconsulatu
453 4147 579 4214 Africae
600 4147 727 4214 functus
749 4148 796 4213 est
818 4167 847 4213 9.
870 4145 1011 4214 31301.
1034 4147 1101 4215 cod
1122 4144 1236 4212 Theod.

105 4233 157 4312 12,
182 4234 211 4312 1,
235 4233 287 4299 73.
331 4233 368 4301 In
390 4253 452 4317 qua
473 4233 634 4318 provincia
660 4234 910 4300 administranda
942 4233 1138 4316 popularium
1171 4230 1239 4296 ani·

103 4335 172 4385 mos
194 4337 316 4387 summe
341 4319 404 4396 sibi
425 4319 610 4389 conciliasse
628 4319 771 4402 ridetur,
786 4320 831 4387 ut
850 4339 893 4389 aa
909 4337 965 4400 ep„
977 4312 1274 4394 &baumw-
