2700 4582
515 251 534 318 1.
560 250 604 318 lte
628 248 815 335 Symmachi
839 250 917 319 vita.

253 390 346 455 Ortus
370 391 418 454 est
441 388 644 473 Symmachus
668 390 759 472 gente
782 389 991 468 celeberrima,
1015 391 1064 454 cui
1088 390 1201 457 civitas
1223 393 1293 458 Ro·

150 493 241 539 mana
265 477 380 540 multos
414 493 613 555 summosque
643 473 774 538 debebat
803 474 894 539 viros.
941 475 1039 540 Nobis
1068 476 1196 559 reliquis
1232 498 1291 543 ne·

151 560 262 643 glectis
279 561 565 625 commemorandus
585 558 705 623 videtur
724 561 811 640 pater
834 561 910 638 eius,
932 562 969 625 de
985 581 1044 643 quo
1060 581 1167 627 sumus
1183 564 1290 646 scrip-

148 647 226 725 turi,
260 647 294 710 L.
320 644 465 710 Aurelius
488 645 640 710 Avianius
665 645 883 727 Symmachus,
918 647 971 727 qui
1005 649 1080 728 quot
1110 647 1288 730 quibusque

149 731 314 796 honoribus
337 733 462 795 functus
485 730 527 794 sit
557 750 592 794 cx
619 730 821 811 inscriptione
847 734 948 795 vetere
970 731 1113 814 colligas,
1149 751 1227 814 quac
1252 734 1288 800 in

149 815 259 881 Orellii
283 816 522 898 inscriptionum
545 814 715 879 latinarum
738 834 862 899 corpore
884 816 1016 880 habetur
1039 819 1137 882 1186:
1165 817 1289 896 „Phos-

147 901 249 983 phorii
271 902 365 967 Lucio
382 901 457 966 Aur.
474 899 607 965 Avianio
631 900 814 983 Symmacho
838 919 866 964 v.
891 919 915 965 c.
939 900 1091 982 praefecto
1115 903 1184 966 urbi
1208 921 1288 967 con-

147 987 209 1050 suli
230 986 451 1070 propraefectis
473 985 626 1068 praetorio
641 986 674 1049 in
690 985 766 1050 urbe
782 986 881 1049 Roma
895 985 1096 1068 finitimisque
1111 987 1284 1068 provinciis

147 1073 300 1153 praefecto
324 1089 461 1136 annonae
484 1070 569 1135 urbis
592 1071 707 1135 Romae
728 1071 867 1152 pontifici
896 1071 1007 1135 maiori
1036 1070 1283 1153 quindecimviro

146 1177 171 1222 s.
193 1159 215 1221 f.
239 1158 347 1222 multis
370 1156 579 1240 legationibus
601 1175 655 1238 pro
670 1156 859 1238 amplissimi
874 1155 990 1221 ordinis
1013 1155 1173 1222 desideriis
1195 1160 1280 1238 apud

145 1243 232 1307 divos
255 1243 408 1323 principes
430 1240 546 1320 functo,
569 1241 622 1322 qui
643 1241 763 1323 primus
785 1240 818 1305 in
834 1243 943 1306 senatu
966 1242 1152 1307 sententiam
1176 1245 1279 1326 rogari

145 1327 257 1391 solitus
282 1327 466 1391 auctoritate
488 1327 655 1410 prudentia
676 1328 740 1408 atq.
765 1327 940 1409 eloquentia
955 1345 1010 1409 pro
1027 1327 1180 1410 dignitate
1195 1329 1278 1392 tanti

145 1412 261 1477 ordinis
284 1411 533 1496 magnitudinem
554 1412 616 1476 loci
632 1413 698 1477 eius
721 1412 907 1494 impleverit,
930 1430 1003 1476 auro
1025 1412 1189 1477 inlustrem
1212 1414 1278 1478 sta·

144 1501 231 1563 tuam
254 1517 348 1579 quam
370 1516 388 1561 a
416 1497 551 1563 dominis
574 1497 748 1581 angustisq.
773 1498 887 1562 nostris
914 1500 1040 1563 senatus
1062 1498 1276 1581 amplissimus

136 1584 276 1648 'decretis
303 1584 516 1663 frequentibus
545 1582 715 1665 inpetrabit
745 1581 819 1680 (sic)
848 1583 930 1648 idem
957 1583 1168 1648 triumfatores
1190 1585 1276 1665 prin-

144 1671 226 1750 cipes
257 1668 357 1734 nostri
387 1668 535 1733 constitui
563 1669 706 1755 adposita
734 1670 872 1734 oratione
900 1668 1058 1734 iusserunt
1080 1688 1165 1751 quae
1181 1669 1275 1733 meri·

142 1758 245 1820 torum
268 1754 334 1818 eius
357 1753 496 1818 ordinem
519 1773 555 1818 ac
576 1755 688 1818 scriem
710 1753 893 1831 contineret,
918 1773 1048 1835 quorum
1069 1773 1202 1836 perenne
1225 1755 1275 1819 iu-

143 1838 258 1903 dicium
280 1840 369 1902 tanto
391 1840 515 1903 muneri
537 1840 596 1905 hoc
618 1854 738 1920 quoquc
759 1837 895 1915 addidit,
925 1842 961 1902 ut
983 1839 1114 1903 alteram
1136 1841 1273 1904 statuam

24 1979 26 1984 .
140 1925 207 2006 pari
231 1924 391 2004 splendore
414 1925 509 1988 ctiam
531 1924 612 2006 apud
635 1922 937 2004 Constantinopolim
960 1924 1149 2002 conlocaret,
1174 1925 1272 2008 (dedi)

141 2012 210 2074 cata
225 2009 285 2076 111.
308 2008 370 2072 kal.
387 2010 486 2074 Maias
502 2009 553 2092 (D.
570 2009 624 2091 N.)
642 2007 789 2073 Gratiano
805 2009 882 2073 IIII.
900 2010 931 2072 et
945 2009 1131 2075 Merobaude
1153 2009 1271 2093 (cos.)“.

244 2094 438 2177 Quamquam
467 2095 561 2159 series
588 2093 753 2172 honorum,
789 2095 901 2175 quibus
930 2093 1054 2159 functus
1084 2095 1148 2172 est,
1183 2096 1273 2160 tanta

141 2179 1024 2331 11111111111111111111·
1041 2179 1272 2348 {aitrus

138 2351 359 2432 Legationum,
392 2368 466 2432 quas
489 2352 604 2446 multas
627 2349 681 2414 ille
704 2349 798 2427 obiit,
830 2353 980 2446 memoria
1001 2351 1109 2431 periit,
1133 2370 1195 2414 una
1219 2357 1269 2414 ei-

138 2434 662 2605 srptccettttlyrhts
677 2435 1268 2617 tristissimasque

138 2606 170 2669 et
185 2605 368 2683 Maximum,
392 2608 549 2671 senatores
572 2605 761 2688 conspicuos,
783 2624 801 2668 a
815 2605 980 2670 nobilitate
995 2607 1115 2689 legatos
1135 2606 1174 2669 ad
1189 2604 1268 2670 Con·

137 2690 292 2755 stantium
321 2692 431 2756 missos
459 2690 568 2755 exinde
597 2709 735 2757 reversos
763 2689 929 2756 honorifice
959 2690 1071 2756 vidit“.
1122 2691 1267 2755 Eiusdem

136 2775 300 2859 legationis
315 2776 463 2842 Libanius
486 2777 631 2841 meminit
652 2777 685 2840 in
708 2776 841 2858 epistola
864 2777 903 2839 ad
918 2775 1138 2858 Symmachum
1161 2776 1266 2854 missa,

136 2861 191 2924 ubi
217 2860 439 2945 Symmachum
465 2863 512 2926 ait
539 2880 609 2926 cum
636 2861 736 2925 tribus
766 2861 958 2926 senatoribus
986 2859 1185 2925 Antiochiam
1215 2881 1266 2926 ve-

136 2945 236 3029 nisse,
271 2946 304 3011 in
326 2966 386 3030 qua
413 2948 488 3012 urbe
517 2948 586 3011 tum
609 2946 808 3012 Constantius
834 2947 1096 3028 commorabatur3
1124 2944 1265 3030 Symma-

136 3031 228 3095 chum
256 3031 383 3114 reliquis
412 3031 554 3098 omnibus
583 3031 776 3114 praestitisse
809 3031 1008 3116 omniumque
1040 3032 1142 3096 oculos
1171 3032 1205 3094 in
1232 3050 1265 3096 se

135 3117 323 3182 convertisse
345 3136 415 3182 cum
437 3119 561 3200 propter
582 3117 717 3201 reliquas
733 3118 866 3183 virtutes
889 3120 958 3182 tum
981 3117 1018 3181 ob
1041 3116 1263 3197 eloquentiam;

134 3220 212 3283 quae
234 3203 351 3286 legatio
372 3202 468 3267 fuisse
490 3203 612 3267 ridetur
625 3203 842 3267 Valentiniano
862 3206 892 3267 et
905 3203 1036 3266 Valente
1052 3219 1130 3265 coss.
1146 3219 1173 3267 1,
1190 3201 1263 3267 365.

134 3287 224 3352 Alter
246 3289 340 3353 etiam
362 3288 495 3352 habetur
516 3290 601 3353 locus
624 3287 705 3369 apud
721 3287 878 3353 Ammian.
894 3288 1001 3365 Marc,
1025 3305 1084 3369 quo
1106 3286 1263 3368 privatum

133 3373 287 3454 quoddam
310 3373 428 3439 factum
455 3374 495 3439 ad
517 3372 737 3457 Symmachum
764 3376 885 3454 patrem
910 3374 1069 3455 pertinens
1093 3371 1263 3455 attingitur

133 3457 185 3534 27,
209 3461 238 3534 3,
261 3458 298 3522 3:
325 3459 443 3538 ,Multo
472 3461 576 3524 tamen
605 3461 677 3523 ante
700 3478 793 3540 quam
821 3459 877 3523 hoc
906 3459 1098 3542 contingeret
1120 3456 1263 3538 Symma-

132 3541 207 3607 chus
229 3541 410 3623 Aproniano
432 3543 583 3608 successit
604 3545 687 3610 inter
708 3545 873 3626 praecipua
894 3545 1099 3610 nominandus
1122 3545 1262 3622 exempla

132 3627 342 3693 doctrinarum
370 3633 462 3710 atque
484 3630 667 3708 modestiae,
702 3648 762 3711 quo
789 3629 927 3694 instante
954 3631 1028 3694 urbs
1051 3627 1261 3692 sacratissima

131 3715 194 3776 otio
217 3713 373 3796 copiisque
388 3714 598 3780 abundantius
620 3716 710 3780 solito
731 3714 909 3779 fruebatur:
933 3718 966 3779 et
985 3713 1149 3779 ambitioso
1165 3715 1258 3794 ponte

131 3798 265 3863 exsultat
287 3801 379 3882 atque
401 3799 587 3879 firmissimo,
610 3819 702 3882 quem
724 3800 861 3864 condidit
882 3800 948 3882 ipse
963 3804 993 3865 et
1008 3817 1121 3880 magna
1143 3797 1258 3863 civium

129 3882 251 3946 laetitia
278 3883 431 3950 dedicavit
456 3884 664 3968 ingratorum,
698 3885 805 3950 utres
832 3885 937 3951 decuit
959 3883 1170 3967 apertissima,
1204 3883 1258 3965 qui

130 3969 323 4049 consumptis
346 3970 465 4052 aliquot
491 3970 582 4034 annis
610 3971 735 4035 domum
765 3972 830 4035 eius
856 3971 890 4036 in
916 3970 1135 4036 transtiberino
1156 3971 1258 4033 tractu

129 4052 368 4133 pulcherrimam
390 4056 610 4135 incenderunt,
645 4075 682 4122 ea
709 4075 743 4122 re
768 4055 893 4139 perciti,
927 4056 1008 4139 quod
1035 4056 1106 4123 vilis
1129 4053 1257 4138 quidam

128 4137 267 4220 plebeius
289 4139 441 4218 infixerat,
466 4140 557 4206 illum
578 4141 693 4207 dixisse
714 4140 783 4208 sine
804 4142 905 4209 iudice
926 4142 992 4207 ullo
1019 4144 1068 4208 rel
1091 4143 1184 4217 teste,
1215 4139 1256 4204 li·

131 4224 237 4296 benter
259 4243 290 4292 se
312 4225 384 4292 vinc
405 4226 526 4315 proprio
548 4227 696 4294 calcarias
718 4228 942 4307 extincturum,
971 4248 1064 4319 quam
1092 4229 1126 4297 id
1148 4226 1255 4295 vendi·
