2700 4582
152 119 195 186 12

152 314 185 379 et
212 313 402 397 Pompeiana
430 334 525 382 cavea
552 315 664 380 ‚haberi
692 315 818 381 liceret“
851 315 912 400 (ep.
939 317 995 397 10,
1030 317 1098 402 26).
1141 319 1179 383 Id
1209 339 1280 387 voro

7 418 13 436 ·
152 418 250 464 unum
271 401 354 479 erat,
381 400 437 466 ubi
459 400 661 485 popularibus
685 401 797 467 animis
821 403 982 483 aliquanto
1008 404 1080 486 plus
1109 424 1204 486 quam
1225 407 1279 471 de-

151 485 245 551 bebat
272 486 378 564 cessit,
407 486 535 567 reliquis
561 488 595 552 in
623 488 714 552 rebus
737 489 933 553 constantem
961 508 993 554 se
1013 490 1155 572 praebuit
1182 510 1280 572 neque

151 589 288 652 unquam
318 572 532 636 transversum
560 592 694 656 unguem
717 593 735 640 a
757 577 838 638 recto
861 573 1019 652 discessit,
1055 575 1151 643 immo
1175 577 1278 659 potius

151 657 299 735 severior,
334 676 428 739 quem
456 657 668 742 indulgentior
694 659 883 738 habebatur,
918 661 965 726 ita
991 661 1029 725 ut
1055 680 1127 727 curn
1152 663 1279 745 ingenio

150 741 548 895 tlllmlsllllltdl
561 743 1142 915 ,talah’lllllhlthdls
1158 749 1278 918 llll}

251 914 337 978 Haec
358 914 422 980 fere
444 916 527 993 sunt,
552 934 650 996 neque
672 915 836 997 quicquam
860 921 1029 998 praeterea,
1053 936 1130 999 quae
1157 918 1195 983 de
1220 937 1278 1000 pu·

149 999 234 1065 blica
261 999 327 1065 eins
355 999 423 1065 vita
445 1018 668 1082 huncquoque
690 1001 756 1066 erui
787 1003 941 1084 poterant.
986 1003 1096 1069 Annus
1124 1005 1206 1085 ipse,
1239 1004 1279 1069 ad

31 1114 33 1117 ·
150 1104 241 1167 quem
263 1084 412 1151 ultimum
435 1085 535 1150 vitam
557 1085 734 1168 produxerit
757 1105 827 1151 cum
847 1089 990 1153 accurate
1010 1089 1132 1154 definiri
1147 1090 1280 1170 nequeat

149 1171 325 1236 coniectura
347 1171 395 1236 est
417 1173 654 1252 consequendus.
683 1173 812 1236 Annum
835 1173 960 1255 quidem
982 1174 1066 1251 391,
1089 1193 1148 1255 quo
1172 1175 1278 1239 consul

148 1258 234 1335 erat,
257 1256 400 1339 pluribus
423 1257 519 1321 etiam
541 1275 702 1338 superasse
725 1258 863 1337 constat,
886 1277 958 1323 cum
980 1277 1027 1341 ep.
1050 1260 1086 1337 5,
1112 1261 1154 1325 10
1176 1260 1277 1323 Theo-

148 1341 220 1405 doro
244 1345 391 1425 adeptum
412 1342 607 1407 consulatum
629 1343 817 1424 gratuletur,
851 1362 910 1424 quc
939 1343 995 1407 ille
1022 1343 1147 1409 functus
1175 1345 1223 1410 est
1248 1364 1276 1407 a.

148 1428 221 1492 399.
256 1425 317 1492 Sed
339 1428 423 1493 ultra
445 1446 564 1511 quoque
586 1427 781 1511 aliquantum
803 1427 947 1511 progredi
972 1428 1054 1494 licet.
1089 1428 1277 1495 Prudentius

146 1511 243 1578 libros
266 1513 350 1592 duos,
374 1533 449 1596 quos
472 1513 579 1579 contra
599 1511 819 1596 Symmachum
842 1513 1023 1595 composuit,
1047 1514 1208 1596 scripsisse
1231 1514 1277 1578 vi·

147 1598 237 1663 detur
260 1599 406 1664 adversus
429 1600 582 1663 oratorem
604 1598 698 1663 etiam
721 1600 836 1663 vivum.
870 1599 908 1662 In
930 1616 1061 1679 quorum
1083 1600 1181 1665 altero
1206 1618 1277 1665 cum

147 1684 286 1749 versibus
309 1685 373 1750 695
395 1703 460 1766 sqq.
499 1684 660 1748 Alaricum
686 1687 818 1765 ,nuper“
843 1685 997 1766 impetum
1024 1684 1059 1748 in
1081 1685 1210 1751 Italiam
1232 1687 1276 1751 fo-

147 1768 240 1845 cisse,
268 1771 321 1835 sed
337 1771 464 1834 Venetis
486 1769 712 1852 Liguribusque
735 1769 865 1835 vastatis
888 1768 1047 1851 repulsum
1069 1789 1134 1835 esse
1162 1774 1276 1849 narret,

147 1857 226 1936 quod
254 1855 336 1937 apud
356 1855 533 1920 Polentiam
563 1873 589 1919 a.
619 1856 692 1920 403.
720 1855 838 1918 factum
866 1874 932 1920 esse
962 1856 1098 1934 constat,
1135 1856 1277 1939 Symma-

147 1941 221 2006 chus
244 1958 270 2005 a.
294 1939 358 2006 fere
373 1942 460 2019 404,
483 1940 579 2004 etiam
602 1940 690 2019 vixit,
713 1940 764 2004 uel
785 1941 822 2003 ut
844 1941 1017 2006 accuratius
1032 1959 1125 2024 agam
1147 1942 1277 2007 exeunte

146 2045 175 2091 a.
197 2027 287 2105 403,
312 2045 385 2091 nam
407 2026 442 2091 in
464 2025 523 2090 fine
546 2025 694 2090 carminis
718 2025 860 2090 hortatur
881 2025 1070 2092 Prudentius
1093 2027 1275 2105 Honorium,

145 2112 182 2175 ut
216 2112 305 2177 ludos
332 2110 534 2196 gladiatorios
567 2110 676 2188 tollat,
709 2111 790 2192 quod
819 2111 883 2175 iam
911 2131 938 2176 a.
969 2112 1043 2176 404.
1073 2110 1190 2177 factum
1218 2112 1275 2176 est.

146 2196 239 2262 Ultra
259 2198 340 2263 hanc
369 2196 519 2278 temporis
546 2196 760 2262 definitionem
789 2196 835 2260 nil
862 2198 938 2262 certi
968 2197 1140 2263 discernere
1167 2215 1277 2278 possu-

145 2301 225 2347 mus.
270 2282 409 2364 Cumque
431 2301 549 2346 annum
579 2282 644 2346 eius
675 2281 812 2346 natalem
834 2282 1088 2349 constituerimus
1116 2283 1179 2348 iere
1201 2283 1275 2347 340.

146 2369 374 2451 sexagesimum
396 2370 478 2433 vitae
501 2386 618 2432 annum
640 2386 797 2450 superasse
820 2369 958 2447 videtur,
982 2387 1053 2433 cum
1075 2387 1136 2450 qua
1158 2368 1276 2433 ratione

146 2471 223 2534 quae
246 2453 309 2518 alia
332 2454 398 2520 eius
421 2453 505 2518 dicta
527 2453 685 2531 feruntur,
709 2453 820 2534 quihus
843 2454 1033 2519 senectutem
1055 2454 1276 2519 adventantem

145 2538 311 2622 significat,
335 2538 452 2622 optime
475 2539 672 2617 conveniunt,
697 2537 783 2604 velut
805 2556 875 2603 cum
899 2558 944 2620 ep.
968 2540 997 2620 3,
1023 2539 1063 2602 15
1080 2558 1113 2603 se
1136 2541 1276 2604 nominet

136 2625 382 2706 ,procedentem
414 2626 448 2689 in
482 2643 578 2691 annos
607 2629 748 2707 graves“,
777 2643 823 2706 ep.
856 2624 892 2703 7,
927 2625 971 2689 20
1002 2623 1138 2701 „uictum
1168 2629 1274 2701 aevo“,

145 2729 192 2793 ep.
222 2711 259 2790 8,
292 2710 335 2777 48
368 2730 492 2790 ,senem
524 2712 716 2793 garrulum“,
752 2728 821 2775 cum
844 2727 890 2791 ep.
913 2710 951 2788 4,
986 2710 1028 2775 32
1056 2713 1277 2775 commemoret

147 2797 301 2874 „aetatem
324 2796 476 2862 declivem
505 2796 539 2860 in
562 2796 716 2872 senium“,
740 2797 771 2860 et
795 2815 841 2878 ep.
864 2796 898 2872 4,
932 2796 972 2860 18
994 2798 1117 2861 iocosus
1141 2795 1276 2878 Vergilii

144 2901 234 2947 versu
256 2883 382 2960 utatur,
417 2900 487 2947 cum
510 2881 610 2950 dicat:
648 2882 803 2958 ,Tantum
825 2880 928 2957 abest,
962 2882 999 2944 ut
1028 2880 1105 2944 haec
1128 2879 1220 2944 annis
1241 2881 1275 2942 in

144 2970 332 3034 senectutem
355 2967 554 3050 vergentibus
578 2964 673 3030 velim

296 3088 465 3154 Candidior
487 3088 653 3185 postquam
675 3085 817 3150 tondenti
839 3085 937 3149 barba
958 3084 1119 3163 cadebat“,

29 3220 32 3225 '
143 3228 236 3291 quem
265 3210 368 3275 locum
398 3208 550 3274 desumsit
579 3226 615 3272 ex
637 3205 728 3288 Vorg.
752 3204 819 3269 Ecl.
845 3205 877 3283 1,
908 3205 959 3271 28.
1004 3204 1065 3268 Hic
1091 3204 1189 3270 facere
1213 3224 1275 3269 non

141 3313 283 3377 possum,
307 3295 382 3377 quin
404 3294 573 3377 genuinam
595 3308 703 3356 versus
726 3289 900 3372 Vergiliani
922 3289 1070 3368 formam,
1094 3308 1185 3372 quam
1209 3289 1275 3374 ipse

144 3379 284 3446 codicum
307 3398 473 3446 consensus
502 3376 640 3459 exhibet,
675 3395 729 3458 per
756 3376 898 3440 nostrum
925 3375 1025 3440 etiam
1054 3374 1275 3459 Symmachum

142 3466 251 3531 contra
265 3465 525 3546 Peerlkampium,
549 3481 653 3527 rerum
674 3479 824 3526 novarum
846 3461 879 3525 in
900 3460 1069 3546 philologia
1089 3460 1184 3527 nimis
1207 3466 1274 3526 stu·

142 3551 274 3630 diosum,
299 3551 456 3616 luculente
478 3549 641 3615 defensam
662 3547 749 3611 brevi
772 3547 927 3612 denotem.

258 3775 291 3842 ll.
316 3775 360 3842 lle
384 3771 582 3858 symmacho
606 3770 759 3856 antiquae
783 3771 951 3856 relipionls
974 3769 1162 3838 defensore.

243 3913 320 3979 Cum
343 3913 498 3995 hucusque
520 3913 559 3976 de
581 3911 647 3976 sola
668 3908 846 3994 Symmachi
868 3909 934 3974 vita
958 3909 1084 3989 pubhoa
1106 3907 1272 3991 egerimus,

141 4017 219 4080 qnae
242 4017 430 4080 quamquam
452 3997 595 4074 celebris,
625 3997 730 4061 tamen
753 3995 790 4060 ob
813 3993 945 4059 nimiam
966 3992 1179 4059 rusticationis
1201 3991 1275 4059 dili-

140 4084 281 4168 gentiam
310 4084 509 4166 studiumque
537 4083 659 4148 vitandi
688 4080 821 4146 rumoris
851 4079 961 4145 urbani
989 4079 1143 4145 seductior
1169 4076 1274 4159 potius

141 4170 217 4248 erat,
242 4187 334 4252 quam
356 4169 557 4252 splendidior,
580 4169 678 4233 restat
700 4169 806 4244 otiam,
830 4165 866 4230 ut
888 4165 926 4230 de
948 4165 1052 4229 animo
1074 4164 1139 4229 eius
1155 4181 1275 4246 semper

116 4252 231 4329 prisco
260 4255 390 4319 deorum
413 4254 516 4320 cultui
548 4254 673 4320 addicto
702 4253 909 4337 disputemus.
950 4249 1012 4317 Per
1042 4249 1180 4315 multum
1209 4247 1274 4317 mm

55 4384 58 4395 .
104 4331 237 4415 tempos
258 4340 464 4426 maximeque
486 4341 564 4409 inde
587 4338 830 4409 adenstantini
843 4336 951 4404 aetate
965 4333 1203 4420 temperandes
1212 4350 1286 4399 ruu-
