2700 4582
1194 136 1236 199 an

205 316 323 395 Restat,
346 316 382 380 ut
402 315 494 379 huius
511 315 756 380 ratiocinationis
773 319 955 401 argumenta
970 317 1133 400 proferam,
1156 338 1235 402 quae

103 419 163 464 non
195 419 230 465 ex
261 401 378 468 remoto
406 400 493 465 fonte
521 401 647 479 hausta,
680 402 733 466 sed
763 423 798 467 ex
827 402 924 484 ipsius
954 403 1130 487 Symmachi
1159 405 1234 471 locis

102 486 199 567 petita
221 505 399 572 proponam.
444 486 586 569 Legenda
614 489 661 551 001
688 507 735 570 ep.
759 488 788 566 6,
812 489 854 554 65
883 490 921 553 01
943 489 1124 555 Nicomachi
1154 489 1234 556 filios

102 572 231 654 scripta:
257 571 444 650 „Scribonia
465 590 526 637 non
549 573 674 650 desunt,
704 573 758 637 sed
780 574 884 639 horret
906 574 1028 640 animus
1051 576 1136 658 loqui
1159 575 1236 641 dara
1268 623 1270 627 ι

102 660 282 724 memoratu.
328 659 424 722 Video
457 659 563 724 tamen
600 660 716 723 famam
756 678 857 724 rerum
894 660 1080 727 urbanarum
1119 680 1235 744 nequa-

101 742 1236 896 11111111111111111111111111111
1291 787 1293 792 ’

102 900 272 992 crevimus
297 915 332 977 ut
355 932 452 995 noque
475 913 608 990 litterae,
625 878 723 996 'quae
746 916 832 980 vobis
867 915 1086 982 salutationem
1119 916 1233 996 lerunt,

72 1065 75 1070 ,
104 999 138 1063 10
169 999 312 1065 sollicitis
346 999 586 1063 amaritudinem
618 999 744 1064 trahant
776 1003 808 1065 et
840 1000 1042 1066 nihilominus
1076 1020 1234 1068 rumorum

104 1085 261 1150 licentiam
295 1083 370 1149 fides
404 1084 581 1166 scriptionis
613 1085 763 1150 excludat.
810 1086 869 1151 Sed
900 1086 936 1149 de
969 1088 1018 1151 his
1052 1088 1231 1154 hactenus.“

102 1170 231 1253 Reliqua
243 1169 384 1253 epistola,
410 1171 544 1252 quinque
559 1170 719 1235 versiculis
742 1172 969 1256 comprehensa,
994 1173 1026 1237 id
1041 1193 1140 1237 unum
1156 1176 1236 1250 orat,

102 1274 137 1319 ne
161 1256 251 1333 filiae,
275 1273 353 1338 quae
376 1255 480 1320 minus
504 1256 664 1320 commoda
687 1257 865 1322 valetudiue
888 1259 1041 1336 uteretur,
1065 1258 1167 1322 malus
1190 1260 1234 1324 rei

101 1342 241 1423 publicae
264 1343 364 1406 status
389 1345 538 1406 narretur.
584 1342 631 1405 nn
647 1344 783 1424 profecto
798 1363 863 1407 rem
880 1342 1096 1422 certissimam,
1120 1345 1157 1408 de
1173 1361 1235 1426 qua

101 1426 242 1492 dubitare
265 1445 326 1492 non
352 1427 434 1492 licet.
479 1429 610 1493 Factum
632 1445 735 1510 grave,
763 1428 843 1510 quod
874 1428 973 1493 dicere
999 1430 1234 1508 ,0001000υο1000-

101 1511 165 1578 ret“
190 1513 318 1577 seorsim
344 1531 398 1577 suo
418 1512 526 1577 libello
542 1515 717 1591 enarratur,
741 1513 836 1579 simul
851 1515 975 1598 pagella
997 1514 1131 1592 additur,
1155 1532 1232 1597 quae

101 1617 163 1662 rem
192 1598 369 1681 generalem
397 1599 541 1662 continet.
586 1598 673 1663 Idem
702 1600 786 1665 cadit
814 1600 847 1662 in
876 1619 921 1682 ep.
945 1600 974 1674 6,
1005 1599 1057 1665 48.
1102 1597 1228 1664 Gratias

100 1701 152 1766 pro
167 1684 321 1749 natalitiis
337 1684 442 1749 missis
466 1685 532 1766 agit
554 1684 721 1766 filiamque,
745 1688 780 1750 ut
802 1684 951 1749 maiorem
967 1702 1073 1750 curam
1095 1684 1231 1750 reficien-

100 1769 154 1833 dae
180 1769 354 1834 valetudini
377 1770 497 1833 tribuat
525 1769 665 1834 hortatus
694 1789 741 1834 res
769 1770 909 1852 publicas
939 1771 1069 1835 seorsim
1091 1770 1233 1835 nuntiari

99 1854 145 1919 his
169 1856 270 1920 verbis
294 1854 473 1940 significata
490 1874 586 1936 „quae
601 1857 639 1919 ad
654 1856 764 1920 urbem
778 1856 945 1936 pertinent,
969 1855 1100 1919 indiculi
1122 1855 1233 1921 cohae-

99 1940 195 2005 rentis
218 1941 349 2006 lectione
372 1941 535 2006 noscetis“
585 1940 736 2005 Similiter
759 1960 804 2022 ep.
830 1941 859 2018 6,
882 1941 933 2017 55,
958 1941 991 2005 in
1014 1960 1075 2022 qua
1097 1941 1231 2023 epistola

100 2025 255 2110 generalia
282 2026 374 2091 modo
402 2026 609 2103 continentur,
641 2047 711 2092 oum
746 2027 889 2112 „negotia
912 2026 1064 2108 quaedam
1093 2026 1230 2091 urbana“

100 2129 152 2178 suo
184 2112 326 2178 codicillo
355 2112 496 2195 adposita
525 2113 597 2210 sint.
642 2110 831 2210 conferenda
858 2111 953 2176 etiam
980 2112 1028 2176 est
1056 2131 1102 2194 ep.
1128 2112 1156 2189 7,
1180 2112 1231 2191 82,

99 2197 467 2348 1101160111111
490 2197 835 2363 titillantis
863 2215 1232 2362 ttttttlatdttt

99 2368 223 2451 singula
245 2369 432 2435 desideraret
453 2368 486 2432 in
521 2367 586 2449 ipsa
609 2367 741 2449 epistola
763 2387 825 2432 non
848 2367 1052 2452 significavit,
1082 2386 1153 2432 eum
1175 2369 1232 2433 ad-

98 2455 201 2519 deret:
228 2454 389 2538 „Longum
411 2454 482 2531 fiat,
506 2452 534 2518 si
557 2453 652 2517 velim
680 2452 796 2519 litteris
825 2454 1011 2534 praestanda
1044 2471 1231 2535 percurrere.

98 2537 208 2622 Capita
229 2559 333 2604 rerum
356 2540 492 2604 subiecto
515 2538 653 2602 indiculo
676 2538 813 2603 strictim
843 2538 980 2604 notavi.“
1028 2538 1136 2620 Neque
1159 2557 1231 2603 vero

98 2643 132 2688 ea
153 2626 218 2689 sola
241 2627 307 2690 erat
340 2643 446 2703 causa,
476 2643 529 2688 our
555 2623 681 2688 litterae
714 2624 906 2708 gravioribus
931 2624 1123 2707 argumentis
1146 2641 1231 2688 care-

98 2710 305 2808 000010011000
327 2711 466 2776 00000011.
490 2708 570 2773 Cum
593 2727 654 2773 non
675 2711 722 2774 110
743 2727 812 2775 0000
834 2710 999 2807 evenisset,
1022 2715 1056 2773 ut
1080 2709 1231 2807 epistolae

97 2795 577 2957 ilttttdtltltttdntt
600 2793 1230 2961 tutti,ttdtldtddttdlit

97 2984 173 3049 guas
188 2964 346 3030 litterulas
367 2966 542 3048 adportans,
567 2983 645 3046 quae
668 2966 830 3031 scribentis
854 2966 995 3031 animum
1018 2962 1231 3046 significarent

96 3055 127 3116 01
149 3050 254 3115 nuntii
276 3050 491 3116 sinceritatem
514 3052 712 3115 testarentur.
758 3050 852 3115 Cuius
876 3051 920 3115 001
943 3050 1154 3115 clarissimum
1176 3049 1230 3114 do·

97 3137 277 3202 eumenium
311 3136 440 3201 hahetur
473 3155 520 3216 ep.
544 3136 574 3213 6,
596 3136 648 3212 60,
681 3154 758 3218 quae
781 3137 847 3200 tota
875 3137 950 3201 haec
972 3137 1034 3200 est:
1071 3133 1231 3215 „Scribere

97 3239 157 3288 non
179 3239 296 3297 recuso,
319 3221 371 3285 sed
387 3221 484 3286 malui
502 3219 627 3284 domino
649 3221 713 3285 filio
729 3241 798 3286 meo
815 3220 934 3287 Sibidio
957 3219 1112 3285 narranda
1127 3238 1230 3285 coram

97 3324 149 3387 per
183 3305 284 3371 otium
310 3326 474 3373 reservare.
520 3304 592 3370 Sola
625 3307 723 3388 igitur
757 3305 946 3372 salutatione
975 3305 1123 3388 fungetur
1156 3304 1231 3371 haec

97 3392 328 3541 000οἓ000ᾱο0100
347 3392 502 3541 tbresissaasd
512 3392 543 3454 et
559 3392 661 3540 vesttro
683 3391 793 3539 hoqori
802 3390 982 3541 3110100101
1004 3390 1130 3541 00030131Ιᾶ
1149 3390 1229 3454 refe-

96 3495 189 3541 0000
235 3495 346 3559 000000
364 3484 391 3541 .“
504 3495 615 3541 emes
663 3495 710 3558 ep.
760 3528 767 3556 ,
847 3528 853 3540 .
914 3494 1005 3558 nep.
1050 3523 1058 3552 ,
1159 3493 1229 3539 cum

97 3560 281 3628 Sallustium
315 3563 545 3628 commendaret
566 3562 642 3627 haec
671 3562 813 3627 addidit:
849 3560 1091 3645 ,Supplernenta
1123 3562 1229 3625 autem

96 3646 242 3713 desiderii
264 3647 330 3713 eius
353 3648 549 3713 stabellario
566 3648 715 3731 epistolae
738 3649 951 3732 suggerentur,
976 3664 1054 3728 quae
1069 3645 1143 3711 stilo
1158 3663 1228 3729 per-

95 3735 180 3815 sequi
202 3752 464 3816 supervaeaneum
497 3733 580 3796 duxi.
625 3734 738 3817 Aptius
768 3736 816 3799 est
844 3733 929 3797 enim
958 3729 1092 3815 negotiis
1119 3737 1228 3795 mutuo

95 3816 279 3884 intimandis
303 3818 391 3883 rivae
414 3818 497 3883 vocis
521 3817 702 3884 iudicium.“
738 3819 827 3884 Adde
850 3818 946 3882 etiam
968 3835 1014 3899 ep.
1036 3817 1067 3894 3,
1092 3817 1142 3894 69,
1166 3833 1228 3898 qua

94 3900 280 3969 Flavianum
288 3904 442 3970 Ricomeri
459 3906 653 3973 commendat
668 3908 700 3970 et
715 3925 786 3970 cum
802 3923 878 3988 quae
894 3903 931 3967 de
947 3901 1002 3966 illo
1018 3901 1227 3984 malignorum

95 3988 255 4054 homiuum
277 4008 382 4055 rumor
396 3989 599 4074 divulgasset,
623 3988 701 4055 falsa
724 4009 790 4055 esse
809 3987 1019 4056 contendisset
1041 3987 1087 4050 ita
1108 3984 1225 4069 pergit:

96 4073 266 4156 ,Querelae
288 4077 393 4141 autom
419 4093 518 4158 genus
550 4075 713 4140 hominum
742 4075 807 4141 eius
831 4072 1004 4158 suggestio,
1040 4071 1067 4137 si
1089 4071 1226 4147 iusseris,

95 4159 208 4225 melius
231 4163 439 4244 prosequetur,
474 4161 546 4242 quia
578 4160 743 4242 multiplex
776 4159 891 4225 iniuria
914 4158 1041 4223 modum
1075 4156 1222 4238 epistolae

94 4242 259 4311 familiaris
275 4245 424 4313 excedit.“
468 4245 530 4313 His
545 4248 744 4335 argumentis
757 4247 811 4313 sat
821 4243 996 4328 perspicus
1013 4242 1255 4304 camenarum

85 4329 176 4395 notis
200 4329 350 4416 ridemur,
375 4333 432 4420 qui
455 4333 582 4405 factum
602 4335 662 4419 sit,
682 4335 726 4404 ut
743 4333 923 4421 pleraeque
946 4320 1110 4408 ep'xstmss
1123 4310 1286 4455 ‘susm
