2700 4582
1184 103 1252 171 27'

95 316 186 382 saepe
208 296 285 363 facit
306 295 506 363 mentionem.
552 294 680 359 Latinos
703 313 795 378 quam
822 294 900 358 bene
922 292 1061 378 cognitos
1084 293 1225 359 habuerit

96 384 166 450 inde
189 383 364 466 intelligar,
400 383 480 465 quod
503 381 641 463 integros
664 380 786 461 saepius
809 379 892 444 locos
915 399 950 445 ex
982 379 1026 444 eis
1049 380 1226 462 desumptos

97 468 202 534 verbis
224 467 386 551 paululum
415 466 546 532 mutatis
570 467 760 531 orationibus
791 466 938 546 inspersit
960 465 991 527 et
1013 466 1044 528 iu
1067 464 1226 530 scribendo

96 555 182 620 haud
208 572 277 619 raro
305 555 473 618 sententias
496 571 607 616 eorum
630 551 814 628 immiscuit,
839 550 926 616 velut
947 551 1133 614 comicorum
1156 568 1225 630 epp.

97 643 125 719 l,
150 639 209 714 23;
234 640 263 715 1,
288 639 342 713 78;
367 639 395 716 9,
421 640 477 713 843
507 639 536 716 9,
561 637 639 714 114;
663 637 785 701 Horatii
808 655 853 717 ep.
881 638 909 714 l,
931 635 960 698 4.
1000 635 1045 700 At
1066 635 1227 699 historicos

94 724 293 808 potissimum
314 724 452 788 studiosa
471 742 567 788 manu
583 721 734 800 versabat,
758 721 845 784 velut
858 720 1042 786 Sallustium
1059 740 1106 802 ep.
1121 719 1152 796 4,
1169 719 1225 802 243

96 811 271 888 Caesarem,
299 809 423 874 Livium
446 828 492 890 ep.
516 812 545 888 4,
572 809 632 884 18;
662 807 758 873 Plinii
781 804 914 871 Secundi
942 806 1118 891 germanica
1145 804 1227 870 bella
1267 837 1273 867 ι

96 917 142 978 ep.
167 894 279 972 4,·16.
323 895 360 958 Id
389 914 508 977 quoque
545 893 749 976 intelligitur,
785 891 849 956 eius
883 893 983 956 aetate
1016 890 1113 956 libros
1147 910 1228 956 nunc

96 981 270 1063 deperditos
297 979 392 1045 etiam
425 979 562 1044 extitisse
585 981 615 1043 et
645 979 819 1059 scriptores,
852 996 927 1059 quos
960 979 1067 1042 nostra
1088 981 1228 1058 tempora

67 1142 68 1145 Ἴ
96 1085 220 1132 mancos
242 1065 369 1143 habent,
402 1066 538 1149 integros
573 1064 676 1128 fuisse.
721 1063 837 1140 Livius,
873 1065 907 1126 ut
930 1063 1104 1144 exemplum
1127 1061 1227 1144 profe-

96 1172 172 1232 ram,
195 1153 282 1216 totus
304 1152 399 1217 etiam
420 1151 582 1234 legebatur
605 1150 665 1234 (ep.
683 1151 712 1226 9,
738 1148 801 1233 13).
848 1147 935 1226 Quod
952 1167 1020 1214 vero
1043 1148 1081 1213 ad
1103 1147 1228 1230 linguae
1282 1169 1283 1172 ¹

97 1239 284 1320 elegantiam
300 1238 332 1301 et
346 1237 490 1301 ornatum
508 1236 650 1318 pertinet,
674 1236 837 1311 neminem,
860 1236 896 1299 ut
912 1252 968 1314 par
984 1237 1040 1312 est,
1063 1232 1108 1299 Μ.
1125 1234 1227 1298 Tullio

96 1321 812 1488 11111111,1111111111
841 1318 1227 1470 llrdtllhhtll

186 1458 193 1488 r
481 1457 487 1470 ·
534 1457 541 1483 s
615 1456 663 1490 ’π

97 1495 226 1570 tatem“‚
251 1495 282 1557 ct
297 1493 431 1558 amicum
454 1495 486 1556 in
509 1490 639 1557 historia
654 1491 814 1555 scribenda
838 1491 968 1553 venirsto
984 1509 1121 1554 sermone
1136 1509 1228 1554 nsum

97 1581 141 1645 ita
163 1579 308 1659 celebrat,
344 1579 381 1643 ut
403 1578 486 1642 dicat
519 1576 721 1661 cp.9,110:
760 1578 876 1655 „Prope
899 1579 956 1653 est,
991 1577 1028 1639 ut
1049 1577 1080 1640 te
1102 1593 1228 1657 arguere

97 1667 238 1744 debeam,
264 1665 344 1747 quod
372 1663 493 1730 saeculo
522 1666 626 1729 nostro
649 1659 786 1726 Tulliani
810 1661 876 1724 stili
906 1660 1023 1726 famam
1045 1679 1154 1741 parcus
1178 1660 1226 1723 in-

96 1753 228 1817 videas.“

198 1836 323 1901 Iuvenis
346 1834 548 1917 Symmachus
572 1852 700 1916 quoque,
725 1833 759 1896 ul
781 1833 847 1897 ficri
870 1832 957 1910 solet,
985 1833 1123 1898 carmina
1146 1851 1229 1898 corn·

97 1922 211 2004 posuit,
236 1939 366 2004 quorum
388 1920 450 1984 tria
465 1921 560 1985 etiam
576 1920 684 1984 extant
699 1917 888 1983 brevissima.
911 1919 1053 1983 Primum
1070 1917 1129 2001 (ep.
1149 1920 1176 1996 l,
1196 1916 1227 2000 1)
1309 1956 1312 1963 -

97 2007 283 2073 hexametris
306 2007 464 2071 exaratum
487 2007 554 2089 agit
569 2006 606 2069 de
618 2004 775 2087 Acyndini
797 2004 957 2068 cuiusdam
979 2003 1107 2086 pictura,
1131 1995 1251 2068 altero'

99 2092 159 2179 (ep.
187 2098 214 2169 1,
242 2093 272 2176 1)
294 2091 464 2158 Baulorum
487 2091 650 2156 historiam
673 2089 798 2167 tractat,
826 2088 918 2153 tertio
942 2093 1001 2171 (cp.
1027 2090 1054 2170 1,
1078 2090 1112 2172 8)
1137 2088 1229 2154 Cam·

97 2178 206 2260 paniae
228 2177 492 2259 pulchritudinem
524 2176 667 2242 celebrat.
712 2175 907 2257 Quamquam
937 2193 955 2238 a
981 2175 1070 2255 patre
1092 2192 1230 2239 summo·

99 2281 170 2344 pere
192 2261 338 2328 laudatus
361 2262 420 2346 (ep.
440 2265 467 2339 1,
491 2263 534 2340 2),
558 2262 624 2343 ipse
647 2261 710 2324 iam
733 2261 801 2323 tum
823 2261 961 2324 modeste
985 2260 1022 2324 de
1044 2261 1230 2342 semetipso

97 2347 257 2425 iudicavit,
282 2349 409 2420 eumad
430 2348 552 2428 patrem
566 2346 716 2411 scriberet
730 2365 777 2427 ep.
796 2348 824 2423 1,
843 2346 875 2409 1:
903 2345 1015 2424 ,liceat
1030 2344 1112 2411 iuter
1134 2346 1231 2410 olores

98 2451 223 2499 canoros
247 2451 387 2498 anserem
409 2433 571 2514 strepere.“
611 2433 657 2496 At
679 2432 798 2512 poetica
819 2432 896 2496 haec
919 2430 1062 2496 exercitia
1088 2450 1158 2497 mor
1180 2431 1230 2496 in-

98 2519 269 2584 termisisse
292 2517 422 2594 videtur,
447 2537 517 2582 cum
540 2537 646 2582 corum
668 2516 859 2582 mentionem
869 2517 1015 2598 samplius
1037 2535 1099 2581 non
1114 2515 1229 2582 fecerit.

97 2602 175 2668 (lum
202 2604 343 2668 omnium
376 2603 550 2668 studiorum
581 2605 675 2686 atque
703 2603 939 2683 occupationum
974 2604 1064 2666 cardo
1097 2602 1131 2666 in
1165 2604 1230 2667 arte

97 2689 239 2754 oratoria
254 2689 439 2766 verteretur,
474 2708 529 2770 per
558 2707 652 2770 quam
675 2706 830 2753 summam
852 2688 986 2771 gloriam
1014 2687 1075 2752 sibi
1096 2687 1229 2770 paravit,

97 2792 170 2855 prae
193 2774 251 2839 hac
273 2793 347 2839 cura
368 2773 503 2855 reliquas
534 2774 658 2838 litteras
685 2774 855 2856 neglexisse
883 2773 1015 2837 videtur.
1060 2771 1104 2838 Of.
1130 2792 1175 2855 ep.
1199 2775 1229 2850 9,

97 2860 154 2925 33:
181 2859 411 2937 ,Assectatcres
433 2859 529 2942 diligo
552 2860 746 2936 litterarum,
778 2878 837 2923 non
861 2861 941 2940 quod
962 2859 1043 2923 mihi
1063 2878 1133 2923 cum
1156 2857 1231 2923 tali-

98 2944 155 3010 bus
178 2944 291 3009 studiis
313 2944 380 3008 ulla
402 2945 546 3027 cognatio
568 2945 627 3021 sit,
660 2945 713 3008 sed
736 2943 809 3025 quia
830 2944 979 3026 professio
1005 2944 1158 3009 bonarum
1182 2962 1230 3008 ar·

98 3030 178 3095 tium
201 3029 289 3112 quasi
313 3030 510 3111 pulchritudo
533 3031 629 3094 etiam
656 3029 690 3093 in
720 3030 820 3095 alieno
843 3048 966 3113 corpore
994 3031 1098 3094 locata
1128 3029 1230 3094 delec-

98 3116 174 3181 tat.“
215 3114 433 3198 Philosophiae
462 3115 610 3198 ignarum
643 3115 709 3197 ipse
743 3135 775 3179 se
808 3115 971 3197 profitetur
998 3116 1037 3180 ad
1059 3115 1231 3181 Ausonium

98 3200 236 3265 scribens
252 3219 303 3282 ep.
331 3204 359 3276 1,
383 3202 440 3265 29:
467 3202 589 3279 ,Pune‚
612 3200 748 3282 inquies,
772 3202 885 3265 audeas
907 3201 944 3264 de
967 3200 1158 3284 philosophis
1181 3200 1231 3264 iu·

97 3284 209 3350 dicare.
234 3285 323 3350 Licet
345 3285 463 3350 alienas
486 3287 624 3368 spectare
647 3286 788 3351 virtutes.
811 3286 894 3350 Nam
918 3287 950 3349 61
971 3285 1101 3351 Phidiae
1125 3287 1230 3369 Olym-

97 3370 184 3452 pium
203 3372 312 3436 Iovem
335 3372 367 3435 et
386 3371 517 3436 Mironis
540 3372 686 3437 buculam
714 3374 744 3436 et
765 3371 912 3454 Polycliti
935 3371 1123 3453 canephoras
1145 3372 1231 3437 rudis

97 3455 162 3521 cius
187 3458 265 3521 artis
287 3455 450 3521 hominum
478 3475 550 3538 pars
578 3477 695 3541 magua
722 3458 837 3522 mirata
860 3461 937 3521 est.“
984 3458 1136 3539 Tempora
1158 3475 1230 3522 vcro

97 3543 211 3606 oratori
235 3561 296 3607 uon
318 3542 409 3606 crant
431 3543 602 3607 commoda.
649 3542 727 3608 Cum
757 3543 839 3606 enim
868 3540 970 3607 omnis
998 3543 1153 3626 paulatim
1175 3563 1230 3625 po·

100 3627 198 3692 testas
221 3628 261 3691 ad
283 3627 484 3707 imperatores
507 3627 614 3694 delata
636 3630 732 3705 esset,
765 3645 863 3708 neque
892 3628 1027 3711 amplius
1054 3630 1151 3694 libere
1172 3648 1230 3710 pu-

96 3710 177 3776 blice
199 3711 285 3793 loqui
308 3712 427 3790 liceret,
450 3715 565 3779 oratori
587 3716 620 3781 in
642 3715 732 3780 rebus
755 3713 928 3781 forensibus
950 3732 984 3779 os
1007 3714 1231 3797 quodammodo

97 3798 164 3862 erat
195 3798 364 3863 occlusum.
409 3798 490 3878 Quid
526 3803 631 3866 autem
659 3800 760 3866 dicam
790 3802 827 3867 de
858 3804 983 3875 senatu,
1019 3801 1072 3881 qui
1108 3818 1230 3864 omnem

96 3882 287 3964 gravitatem
319 3883 395 3949 adeo
424 3886 549 3965 penitus
578 3888 742 3964 amiserat,
777 3889 813 3958 ut
843 3907 913 3952 cum
942 3884 1063 3949 nullam
1094 3885 1231 3964 amplius

96 3970 249 4033 servasset
273 3969 503 4046 auctoritatem,
533 3968 598 4034 iam
621 3989 668 4035 res
700 3971 870 4052 dequibus
893 3972 999 4053 ageret
1021 3971 1147 4034 tantum
1169 3970 1230 4034 mi·

96 4052 197 4140 nimae
232 4054 265 4118 et
297 4054 422 4119 infimas
456 4054 576 4119 habuit.
621 4055 690 4119 Duo
721 4055 819 4138 igitur
847 4055 943 4132 oculi,
978 4074 1033 4136 per
1062 4073 1136 4137 quos
1166 4054 1229 4119 elo-

97 4139 225 4218 quentia
252 4139 396 4204 Romana
423 4139 582 4204 summum
610 4142 687 4204 artis
716 4140 879 4224 fastigium
909 4142 1004 4206 nacta
1029 4141 1096 4206 late
1125 4139 1230 4219 splen-

95 4222 201 4301 debat,
237 4242 306 4290 cum
330 4225 409 4290 eruti
433 4227 553 4305 essent,
586 4224 1198 4301 616611661116161616166161,61161
1213 4219 1260 4304 ab

86 4306 328 4386 inherentibus
350 4311 548 4394 quibusdam
573 4314 843 4385 clementioribus
859 4310 1041 4380 luendus
1052 4303 1205 4385 specum
1220 4294 1289 4352 ehx-
