2700 4582
137 105 178 168 14

136 290 247 356 merita
262 290 316 355 deo
329 288 495 373 applicat“‚
519 287 711 355 absimiliter
733 309 778 372 ep.
798 291 847 370 10,
871 291 909 354 61
938 290 1059 369 ,omnia
1075 290 1201 372 quidem
1215 290 1269 355 deo

135 377 228 459 plena
240 377 322 456 sunt,
336 394 391 440 nec
402 376 486 440 ullus
498 375 621 460 perfidis
632 378 721 440 tutus
733 377 781 441 est
792 377 908 454 locus“,
921 377 1012 458 atque
1023 375 1105 441 infra
1120 394 1270 459 „aequum

135 463 197 541 est,
230 460 375 544 quicquid
405 480 509 527 omnes
532 463 652 540 colunt,
675 481 771 528 unum
793 461 907 543 putari.
951 462 1065 526 Eadem
1094 464 1268 545 spectamus

135 548 226 628 astra,
250 566 413 612 commune
436 548 557 612 coelum
579 550 636 625 est,
669 547 753 611 idem
776 566 829 625 nos
851 548 984 612 mundus
1006 547 1150 612 involvit.
1188 546 1269 627 Quid

134 633 279 712 interest,
310 651 370 713 qua
393 631 522 715 quisque
550 632 714 714 pmdentia
742 652 848 698 vemm
870 632 1030 716 inquirat?
1059 632 1129 698 Uno
1158 631 1269 698 itinere

140 736 200 783 non
221 720 325 802 potest
348 719 501 799 perveniri
525 719 564 799 ad
587 721 653 783 tam
676 719 791 802 grande
819 719 1001 784 secretum.“
1025 718 1069 784 At
1090 717 1124 782 in
1146 717 1268 800 perqui-
1292 765 1297 770 -

132 804 235 869 rendis
258 803 409 868 eiusmodi
431 804 509 869 locis
531 803 674 869 cautione
697 823 772 886 opus
796 805 852 884 est,
877 824 915 869 ne
937 805 971 868 in
994 803 1047 882 eis,
1073 822 1151 885 quae
1174 803 1265 868 strie-

138 889 198 954 tim
220 889 418 954 intuentibus
441 889 501 954 huc
523 890 681 955 referenda
703 890 864 965 videntur,
888 908 988 955 errore
1012 891 1143 971 capiare.
1189 888 1269 969 Quid

134 975 219 1039 enim
230 974 331 1058 magis
343 976 485 1056 apertum
498 975 589 1058 atque
605 974 722 1039 clarum
734 975 874 1041 videatur
886 974 940 1050 eis,
964 994 1042 1056 quae
1053 975 1163 1043 scribit
1178 994 1223 1057 ep.
1237 975 1267 1058 8,

136 1062 173 1124 11
202 1059 330 1144 ,religio
359 1060 442 1125 enim
464 1061 523 1124 fide
545 1060 677 1142 pectoris
705 1061 896 1136 continetur,
919 1060 952 1124 in
974 1062 1136 1127 verborum
1158 1059 1268 1124 officiis

134 1145 214 1211 latet
224 1146 405 1228 plemmque
421 1146 610 1224 simulatio“,
627 1146 677 1213 vel
692 1165 739 1228 ep.
752 1149 782 1225 8,
797 1146 836 1210 12
851 1145 979 1230 ,religio
994 1147 1079 1212 enirn
1090 1145 1192 1230 magis
1207 1144 1267 1209 fide

133 1231 231 1296 animi
255 1232 412 1296 metienda
440 1232 502 1311 est,
533 1250 638 1313 quam·
653 1231 859 1296 ostentatione
882 1231 1075 1298 verborum“.
1119 1232 1266 1298 Attamen

135 1317 243 1381 neuter
258 1316 343 1381 locus
366 1316 405 1382 ad
419 1316 611 1400 religionem,
634 1335 727 1400 quam
749 1335 832 1381 nunc
847 1316 990 1395 dicimus,
1012 1320 1060 1383 est
1081 1318 1265 1394 referendus,

135 1404 188 1467 scd
206 1404 335 1484 uterque
350 1402 389 1466 ad
412 1402 583 1467 amicitiam
597 1403 740 1486 pertinet.
784 1402 821 1466 In
835 1401 900 1467 ιιιι
921 1405 1044 1483 privata
1066 1405 1097 1469 et
1119 1401 1282 1467 familiari

134 1506 235 1552 mores
259 1489 340 1553 solos
357 1489 389 1552 et
403 1488 523 1552 animos
546 1489 708 1552 hominum
723 1487 872 1566 spectavit
894 1488 1035 1571 neglecta
1057 1490 1265 1555 doctrinarum

138 1574 327 1639 diversitate.
373 1572 468 1639 Cuius
495 1574 540 1638 rei
568 1574 761 1645 luculentum
784 1576 832 1639 est
860 1572 1076 1639 testimonium
1098 1572 1281 1653 Ausonius„

136 1676 194 1742 quo
209 1659 339 1724 forsitan
355 1661 505 1743 magistro
520 1678 594 1724 usus
617 1662 672 1741 est,
697 1658 833 1723 amicum
855 1659 934 1725 certe
949 1660 1166 1726 fidelissimum
1182 1677 1264 1722 sem-

134 1763 189 1827 per
213 1745 347 1829 colebat;
378 1746 457 1827 quod
480 1747 516 1809 ut
542 1745 733 1822 confirmem,
763 1764 952 1827 quamquam
979 1745 1012 1809 in
1034 1765 1067 1810 re
1095 1751 1161 1812 tam
1183 1745 1266 1808 certa

134 1831 316 1914 argumenta
339 1829 485 1896 uidentur
507 1830 669 1912 superflua,
695 1831 792 1912 ipsius
816 1831 908 1895 verba
929 1831 962 1894 in
984 1831 1121 1897 medium
1143 1829 1264 1912 profero

133 1935 168 1980 ex
194 1935 238 1998 ep.
266 1918 292 1997 1,
316 1917 356 1980 31
387 1915 425 1980 ad
448 1916 621 1982 Arrsonium
649 1915 736 1981 data:
770 1934 885 1990 ,unum
911 1915 968 1980 hoc
994 1917 1098 1981 tamen
1128 1936 1147 1982 ι
1176 1917 1264 1980 nobis

131 2001 277 2066 indubita
278 2001 433 2066 taaverit
433 2003 465 2066 te
493 2018 652 2084 cognosce,
680 2001 833 2066 nominem
860 2019 924 2065 esse
948 2001 1144 2082 mortalium,
1171 2018 1263 2083 quem

131 2105 204 2184 prae
225 2088 256 2151 te
278 2085 440 2170 diligam“
485 2086 567 2166 Quid
583 2086 693 2169 quod
685 2104 785 2168 ipsum
801 2085 980 2169 episcopum
995 2088 1148 2168 quendam
1164 2085 1259 2151 Decio

132 2172 230 2237 amico
252 2171 302 2235 his
325 2171 426 2236 verbis
456 2171 651 2236 commendat
673 2173 734 2270 (ep.
760 2172 788 2250 l,
812 2171 885 2254 51):
918 2173 1035 2250 „Trade
1064 2176 1170 2238 sancto
1191 2182 1262 2252 p'ec·

130 2244 214 2322 torit
215 2275 253 2320 uo
200 2256 325 2321 tfrta
311 2258 391 2321 trem
401 2255 668 2336 meumSeuerum,
682 2257 858 2339 episcopum
870 2258 1007 2321 omnium
1019 2259 1172 2324 sectarum
1182 2257 1262 2321 atte-

131 2341 265 2407 statione
294 2341 500 2419 laudabilem,
535 2344 571 2407 de
599 2360 657 2424 quo
691 2343 780 2425 plura
809 2361 859 2410 me
891 2342 993 2408 dicere
1026 2348 1058 2408 et
1086 2343 1261 2441 desperatio

130 2426 281 2510 aequandi
297 2425 402 2499 meriti
425 2427 486 2492 ιι
478 2429 576 2509 rpsius
600 2429 698 2509 pudor
720 2445 780 2491 non
795 2427 905 2492 sinit..
922 2447 1029 2510 quem
1044 2448 1114 2494 cum
1135 2427 1261 2513 penitus

132 2512 319 2595 expenderis,
343 2512 477 2595 reperies
493 2532 543 2578 me
566 2512 694 2578 cessisse
709 2512 813 2593 potius
836 2512 901 2577 eius
923 2513 1076 2594 laudibus,
1099 2534 1193 2599 quam
1208 2533 1262 2595 per

132 2597 362 2695 neglegentiam
384 2597 546 2676 demisse,
571 2601 602 2663 et
625 2617 694 2662 cum
714 2597 907 2663 Clementem
929 2598 1102 2696 episcopum
1117 2598 1261 2665 Caesare-

131 2702 237 2749 ensem
259 2684 358 2748 amico
381 2648 624 2761 commendaret,
652 2685 755 2766 aperte
783 2683 987 2782 significavit,
1011 2684 1043 2750 in
1066 2685 1175 2750 amicis
1197 2702 1260 2749 non

131 2788 198 2834 esse
227 2769 424 2852 spectandam
452 2768 650 2852 religionem,
684 2770 737 2834 sed
770 2769 920 2833 animum.
966 2770 1044 2834 Vide
1073 2791 1118 2852 ep.
1145 2774 1172 2847 1,
1202 2772 1259 2835 64:

134 2854 368 2935 „Commendari
389 2873 407 2919 ι
429 2873 478 2920 me
494 2855 671 2938 episcopum
692 2856 741 2919 for
743 2854 918 2920 t.emireris
960 2854 1062 2920 Causa
1083 2855 1174 2937 istud,
1198 2875 1259 2920 non

130 2943 213 3006 secta
235 2939 418 3022 persuasitf‘

232 3026 275 3090 lla
298 3044 374 3108 quae
396 3027 485 3091 modo
508 3025 622 3124 protuli
650 3025 788 3091 sufficere
810 3024 917 3089 vident
917 3044 968 3103 ur,
999 3025 1110 3108 quibus
1133 3013 1261 3093 demon-

129 3112 263 3189 stratur,
287 3129 380 3196 quam
407 3129 502 3193 aequo
524 3112 626 3176 animo
649 3111 849 3194 Symmachus
876 3109 982 3189 fuerit,
1012 3113 1198 3193 quantopere
1220 3112 1259 3176 ab

130 3198 262 3263 aliorum
292 3196 458 3262 offensione
488 3197 638 3294 quantula
665 3197 761 3261 etiam
789 3215 909 3277 cunque
930 3161 1138 3273 abhorruerit,
1167 3216 1259 3280 quam

129 3283 217 3380 nullo
239 3282 398 3367 religionis
422 3281 629 3346 discrimine
621 3301 654 3345 ιιι
682 3281 790 3346 amicis
818 3281 953 3346 colendis
976 3280 1086 3347 duetus
1108 3245 1159 3346 ιιι.
1205 3285 1258 3358 At,

130 3368 183 3450 qui
204 3367 239 3432 in
261 3369 318 3432 reli
308 3386 394 3449 iquos
423 3367 590 3432 mitissimo
618 3366 731 3431 iudicio
762 3367 953 3445 uteretur,
945 3385 1010 3449 1pse
1039 3367 1078 3431 ad
1106 3366 1259 3432 maiomm

130 3472 271 3519 sacrae
238 3454 252 3518 t
254 3456 322 3519 otus
345 3471 513 3535 propensus
542 3470 603 3517 non
625 3453 716 3519 modo
738 3453 840 3533 prisca
863 3453 894 3516 et
916 3452 1088 3518 inveterata
1109 3452 1186 3517 insti
1189 3453 1258 3518 tuta

129 3540 254 3605 secutus
276 3543 339 3616 est,
309 3538 435 3604 tsed-
453 3537 614 3621 superstit
605 3556 689 3603 iones
718 3556 836 3621 quoque
862 3537 959 3602 fere
951 3556 1015 3603 ram
1045 3537 1142 3603 aniles
1166 3537 1259 3603 ,anxie

130 3625 280 3692 servavit
295 3623 372 3704 Quis
388 3623 470 3688 enim
493 3624 525 3688 id
540 3622 597 3690 sibi
622 3624 813 3706 persuadeat,
837 3623 965 3687 exeunte
979 3625 1100 3688 saeculo
1115 3642 1145 3704 p.
1158 3622 1212 3688 Oh.
1226 3643 1255 3689 n.

128 3712 238 3794 quarto
265 3709 359 3775 fuisse
387 3710 483 3774 etiam
509 3708 611 3772 virum
641 3708 815 3774 liberaliter
836 3708 999 3773 educatum
1025 3710 1057 3774 et
1085 3708 1258 3791 principem

130 3799 164 3862 in
188 3796 282 3861 civita
283 3796 329 3873 te,
344 3795 411 3946 tqui
436 3793 580 3891 prodigia
607 3797 639 3858 et
660 3812 715 3875 por
716 3797 803 3858 tenta
832 3794 1054 3873 extimesceret,
1084 3811 1161 3876 quae
1192 3794 1255 3858 iam

129 3881 285 3948 Ciceronis
308 3883 377 3946 aeta
360 3882 410 3945 ate
436 3879 576 3963 sagacior
599 3878 728 3962 quisque
750 3880 881 3945 riserat?
909 3879 994 3944 En
985 3879 1083 3963 rpeius
1107 3882 1200 3946 verba
1222 3899 1258 3944 ex

129 3986 174 4050 ep
205 3968 234 4047 6,
263 3968 316 4032 40
340 3967 495 4032 desumta:
530 3963 705 4035 ,(ιιιιιιιιι
744 3965 854 4029 civitas
893 3964 1078 4030 sollicitatur
1116 3965 1256 4046 ostentis,

130 4071 260 4136 quorum
281 4051 399 4118 leviora
413 4051 577 4148 praetereo.
601 4050 754 4115 Illudt
700 4053 754 4116 ant
755 4070 772 4115 e
790 4049 895 4115 omnia
917 4051 1132 4131 interpretatio
1154 4049 1256 4115 tristis

128 4137 277 4206 horrescit
278 4138 379 4222 q,uod
394 4137 492 4202 natali
507 4135 594 4201 urbis
609 4135 771 4201 suffectum
783 4135 940 4201 consulem
955 4153 1072 4216 currus,
1088 4153 1147 4220 quo
1163 4135 1255 4200 vehe-

124 4227 227 4301 batur,
249 4223 368 4289 euoluit
377 4241 437 4306 per
450 4223 596 4288 ferociam
614 4220 769 4322 bigarum,
790 4239 868 4304 quae
883 4220 1077 4304 triumphum
1092 4221 1253 4287 vehebant.

99 4306 221 4389 Itaque
234 4308 367 4393 palmae
366 4327 387 4376 a
401 4308 551 4395 amictus,
576 4307 769 4380 consulari
760 4305 900 4396 ιιιιιςιιιι
913 4310 1040 4393 ornatu,
1058 4306 1159 4373 tracto
1179 4323 1269 4389 crura
