2700 4582
107 79 150 144 22

109 269 196 333 10101
217 265 416 349 talioptions
438 264 478 329 ad
501 263 644 328 senatum
666 263 799 327 00111131.
849 264 910 340 ,Το
925 264 1015 346 ergo“
1038 264 1142 348 pergit
1161 265 1237 349 ,im-

106 353 244 436 peratore
267 348 436 416 Christiani
457 349 491 412 in
514 368 600 414 aram
623 348 723 412 iurare
747 349 921 431 cogentur.“
962 347 1019 414 Sed
1043 350 1237 433 gravioribus

106 439 169 503 iam
191 437 293 501 utitur
315 434 517 518 argumentis,
541 453 611 499 cum
634 433 728 511 dicat,
749 452 810 497 non
833 452 899 498 0333
922 453 989 498 eam
1012 436 1137 500 senatus
1158 436 1238 517 peti·

107 523 234 600 tionem,
268 523 321 586 sed
358 538 489 602 ,paucos
522 519 654 602 gentiles
683 515 838 583 communi
871 519 920 584 uti
955 519 1110 598 nomine“,
1146 540 1236 603 quam

106 610 258 677 rationem
280 606 456 671 mirabilem
479 606 559 669 certe
576 606 621 669 ita
635 605 755 686 prebat,
779 608 815 668 ut
831 606 946 682 narret,
969 606 1041 670 ante
1064 607 1236 684 biennium,

107 693 269 760 cumidem
283 692 455 757 aGratianc
468 691 632 772 peteretur,
645 693 803 755 senatores
811 692 965 756 Romanos
974 690 1005 754 01
1020 692 1234 769 ,innumeros“

106 781 183 856 31103
199 779 363 863 epistolam
380 776 502 841 misisse
517 777 556 840 ad
571 776 741 840 Damasum
764 777 950 857 episcopum,
974 795 1034 857 qua
1049 795 1081 841 se
1097 778 1178 842 totos
1200 778 1238 843 ab

107 864 260 930 eiusmodi
292 862 442 945 petitione
471 862 634 927 abhorrere
667 861 894 944 profiterentur,
930 861 1133 944 libellumque
1167 882 1239 926 eum

106 970 124 1014 3
147 951 246 1022 semet
267 952 332 1030 ipso
356 948 506 1013 Gratiano
530 948 670 1011 oblatum
693 965 768 1012 3330.
813 945 952 1028 Cumque
966 965 1069 1011 nemo
1091 948 1155 1011 iam
1178 966 1240 1013 non

107 1035 274 1120 quaereret,
298 1052 433 1118 quanam
449 1032 486 1096 de
502 1051 593 1097 causa
609 1037 766 1097 senatores
779 1031 837 1109 illi,
856 1052 914 1115 000
929 1034 1065 1114 tempore
1079 1033 1113 1097 in
1129 1035 1240 1097 senatu

36 1166 40 1170 -
107 1120 322 1203 delegatione
345 1119 500 1184 mittenda
517 1117 674 1200 agebatur,
699 1136 760 1182 non
776 1118 866 1182 modo
891 1118 937 1182 nil
953 1120 1057 1182 contra
1077 1118 1238 1193 dixissent,

108 1210 161 1273 sed
184 1206 311 1271 omnino
338 1222 377 1270 ns
404 1204 578 1269 adfuissent
601 1203 743 1284 quidem,
778 1222 844 1266 rem
866 1205 1049 1287 argumento
1077 1204 1164 1275 brari
1186 1206 1240 1269 sed

109 1293 206 1360 debili
228 1288 380 1373 praecidit
409 1290 458 1355 his
482 1308 556 1354 usus
580 1291 698 1354 verbis:
729 1288 826 1368 ,satis
849 1288 1019 1371 loquuntur
1043 1289 1118 1371 quid
1141 1291 1240 1355 velint

109 1379 163 1462 qui
187 1380 248 1441 noh
271 1375 490 1453 interfuerunt,
514 1376 591 1439 satis
614 1375 712 1439 locuti
734 1375 817 1451 sunt,
841 1374 895 1456 qui
917 1376 999 1455 apud
1021 1375 1239 1456 imperatorem

109 1463 205 1529 locuti
227 1463 330 1527 sunt“.
376 1461 558 1542 Exemplum
587 1461 744 1526 relationis
766 1461 876 1543 poscit,
911 1462 947 1523 ut
968 1461 1090 1541 plenius
1112 1481 1239 1544 respon-

107 1549 188 1627 deat,
220 1567 291 1613 nam
314 1548 350 1611 ut
372 1565 420 1611 res
443 1547 549 1613 civiles
580 1547 712 1611 alierum
740 1545 855 1611 iudicio
878 1545 1160 1626 committerentur,
1192 1549 1240 1613 ita

107 1654 231 1700 causam
253 1633 412 1715 religionis
435 1632 496 1696 sibi
525 1650 592 1697 esse
615 1630 859 1715 relinquendam.
905 1632 946 1695 111
968 1630 1124 1714 dignitate
1146 1637 1239 1717 31000

105 1720 289 1784 30010111313
305 1736 362 1783 303
383 1719 469 1783 01303
492 1718 721 1800 imperatorem,
745 1715 832 1799 quasi
849 1717 971 1782 senatui
992 1736 1111 1781 morem
1128 1739 1239 1802 gerens

107 1807 174 1887 ipse
198 1823 317 1886 quoque
333 1822 352 1867 a
366 1803 516 1888 religione
531 1803 700 1868 christiana
716 1802 893 1883 defecturus
916 1806 1006 1881 esset,
1030 1804 1239 1869 acerbissimis

106 1890 273 1973 compellat
294 1889 412 1953 verbis:
439 1889 577 1965 „hicebit
599 1889 657 1953 tibi
673 1890 712 1953 ad
728 1887 889 1952 ecclesiam
906 1888 1078 1965 convenire,
1103 1881 1240 1954 sedillic

105 1994 166 2040 non
189 1973 327 2038 invenies
351 1976 541 2040 sacerdotem
564 1975 619 2038 aut
647 1974 788 2037 invenies
816 1975 1023 2039 resistentem.
1069 1975 1238 2052 110101133-

104 2060 252 2143 pendebis
275 2060 426 2125 sacerdoti
442 2061 559 2125 dicenti
582 2059 663 2124 tihi:
686 2059 817 2124 Munera
839 2060 894 2123 tua
916 2077 975 2123 non
998 2060 1121 2141 quaerit
1143 2060 1239 2125 eccle·

105 2146 168 2223 313,
202 2145 275 2227 0013
297 2145 414 2228 10111013
436 2145 603 2228 gentilium
630 2145 812 2210 muneribus
835 2144 1010 2223 adornasti,
1046 2164 1098 2210 ara
1120 2144 1235 2210 Christ'

108 2233 189 2297 dona
212 2233 266 2294 tua
287 2230 415 2312 respuit,
440 2233 585 2314 quoniam
609 2249 694 2295 aram
718 2229 894 2296 simulacris
917 2229 1029 2295 fecisti.
1066 2231 1132 2295 Vox
1154 2231 1238 2296 enirn

105 2319 170 2392 tua,
192 2333 302 2379 manus
325 2318 380 2379 tua
402 2321 434 2379 et
457 2316 643 2397 subscriptio
670 2319 726 2380 tue
748 2334 824 2397 opus
847 2316 895 2380 est
917 2317 1027 2382 tuum:
1056 2317 1238 2398 obsequium

107 2400 364 2486 tuum,dominus
388 2402 481 2466 Jesus
503 2402 627 2465 recusat
649 2406 679 2464 et
701 2401 835 2483 respuit,
860 2400 1006 2481 qnoniam
1034 2401 1126 2466 idolis
1150 2403 1238 2466 obse-

105 2487 194 2550 cutus
217 2504 257 2548 es.
281 2485 369 2549 Dixit
392 2485 475 2550 enim
498 2486 575 2550 tibi:
599 2485 668 2550 Non
684 2487 815 2567 potestis
831 2486 949 2551 duobus
964 2486 1098 2551 dominis
1114 2487 1237 2551 3011110.

107 2569 280 2653 Pririlegia
302 2573 358 2634 tua
380 2571 518 2635 sacratae
541 2572 605 2636 Deo
628 2570 764 2653 virgines
792 2589 852 2636 non
875 2571 990 2637 habent
1018 2574 1049 2637 et
1072 2571 1239 2638 vendicant

106 2654 241 2738 uirgines
257 2657 396 2720 vestrae!
422 2655 483 2720 Cur
504 2656 677 2721 sacerdotes
693 2655 751 2720 Dei
772 2657 913 2739 requiris,
938 2656 1049 2739 quibus
1070 2657 1238 2740 petitiones

103 2741 248 2824 profanas
259 2739 427 2823 gentilium
439 2741 628 2824 praetulisti.
650 2740 758 2806 Alieni
770 2742 880 2806 erroris
893 2743 1070 2807 societatem
1083 2743 1238 2825 suscipere

104 2846 164 2891 non
186 2843 361 2908 possumus.
406 2826 488 2906 Quid
518 2826 713 2908 respondebis
742 2829 790 2891 bis
813 2827 935 2893 verbis:
964 2846 1094 2910 puerum
1118 2829 1238 2910 100333

104 2914 257 2996 lapsum“.
301 2913 354 2988 At,
370 2912 482 2995 pergit,
506 2912 720 2977 10101011013
738 2912 862 2993 quidem
879 2912 977 2977 nimia
993 2932 1063 2978 eum
1087 2914 1237 2991 excusari,

105 3017 177 3063 curn
200 2995 288 3081 pueri
311 3015 432 3079 quoque
454 2998 610 3080 intrepido
634 3014 686 3062 ore
708 2999 816 3062 contra
843 3000 1053 3079 persecutores
1076 2998 1237 3065 Christum

104 3084 207 3169 essent
235 3081 373 3163 professi.
419 3082 460 3146 111
482 3083 520 3147 ad
554 3083 647 3148 finem
668 3102 834 3166 properans
863 3084 897 3147 in
921 3082 1065 3149 Gratiani
1087 3084 1238 3149 memoria

104 3168 257 3244 subsistit,
280 3167 366 3249 quasi
383 3168 410 3232 si
427 3185 504 3252 quas
519 3171 645 3234 senatus
661 3169 823 3252 petivisset
837 3169 1013 3244 cencederet
1028 3169 1134 3233 omnia
1149 3170 1236 3235 111103

105 3253 230 3317 decreta
251 3252 488 3336 abrogarentur,
523 3254 610 3335 isque
633 3272 667 3319 30
690 3253 815 3320 vulnere
838 3273 857 3319 3
879 3255 975 3318 113113
997 3255 1088 3319 111310
1111 3256 1236 3336 gravius

104 3355 196 3420 quam
219 3337 257 3401 ab
281 3336 346 3400 ullo
368 3338 456 3402 hoste
490 3339 671 3403 laederetur.
716 3338 767 3404 Ad
794 3342 915 3423 patrem
938 3359 1056 3422 quoque
1078 3343 1235 3424 provocat,

102 3441 194 3506 quem
216 3421 311 3488 etiam
333 3441 418 3487 aram
436 3424 594 3489 Victoriae
616 3423 708 3506 plane
730 3424 926 3508 ignorantem
948 3425 1087 3490 simulat.
1117 3426 1237 3511 „Nemo

102 3507 142 3574 ad
164 3525 215 3572 me
230 3506 354 3585 detulit,
377 3527 464 3572 aram
487 3528 551 3573 esse
574 3509 608 3572 in
631 3509 689 3574 illa
705 3510 842 3576 Romana
864 3510 958 3589 curia,
982 3531 1142 3594 nunquam
1165 3514 1236 3577 tan-

76 3595 170 3659 ‘tum
194 3593 280 3657 nefas
303 3592 428 3670 credidi,
453 3594 533 3677 quod
555 3595 587 3658 in
611 3596 768 3660 communi
791 3597 846 3661 1110
861 3596 1110 3663 Christianorum
1133 3599 1235 3682 genti-

101 3679 239 3759 liumque
261 3677 391 3742 consilio
406 3679 614 3745 sacrificarent
629 3681 772 3764 gentiles,
796 3682 852 3747 hoc
868 3685 923 3760 est,
946 3683 1136 3747 insultarent
1157 3703 1235 3766 geu·

101 3763 173 3849 tiles
210 3764 421 3844 praesentibus
458 3764 642 3830 Christianis
681 3768 712 3831 et
748 3768 842 3833 inriti
875 3767 1049 3833 Christiani
1086 3768 1237 3836 interesse

101 3848 260 3915 sacrificiis
283 3851 491 3933 cogerentur.“
528 3852 580 3917 Ad
594 3852 787 3935 postremum
809 3853 924 3919 iterum
946 3854 1164 3934 imperatorem
1180 3854 1236 3919 ad·

100 3934 256 4014 hortatur,
281 3936 318 3999 ut
338 3934 371 3998 id
393 3935 522 4016 faceret,
550 3939 649 4019 ,quod
672 3936 767 4003 saluti
790 3948 864 4004 3033
888 3939 968 4021 apud
991 3939 1092 4004 Deum
1115 3939 1236 4005 intelli·

102 4021 188 4104 geret
209 4018 434 4101 profuturum“.

201 4105 286 4170 Talis
310 4108 375 4171 erat
389 4106 549 4190 petitionis
564 4107 820 4192 Symmachianae
834 4108 980 4174 refutatio
1003 4108 1115 4191 prima,
1140 4129 1235 4190 quam

101 4191 286 4257 Ambrosius
304 4191 358 4258 ubi
380 4193 499 4274 primus
521 4193 608 4258 illius
631 4195 761 4259 nuntius
785 4195 903 4260 allatus
925 4195 973 4259 est
994 4194 1103 4260 statim
1127 4215 1236 4261 exara·

98 4277 147 4344 rit
171 4276 305 4354 sedile,
324 4278 601 4362 utintelligamus,
623 4278 889 4358 ratiocinationes,
908 4279 1025 4364 quibus
1037 4280 1237 4345 aduersarius
