2700 4582
1158 125 1202 188 41

100 306 285 377 voluptabilis,
313 322 352 374 ep.
375 311 402 369 7,
421 311 467 359 98:
495 307 603 372 adicio„
616 309 647 361 11
670 307 700 360 in
723 306 854 375 reliquum
879 306 1050 374 frequentare
1074 309 1195 376 digneris

171 391 268 429 munus
286 374 459 447 vcluptabila.
501 426 507 433 ,

70 457 256 527 Differentiae
274 460 521 513 constructionum.-

106 531 229 596 acceptus
248 545 269 581 c.
288 543 347 597 gen.
366 543 405 596 ep.
427 533 449 590 1,
467 531 515 580 93:
542 527 629 579 virum
651 526 728 580 bonis
752 526 875 580 omnibus
894 529 989 581 merito
1014 541 1076 581 suae
1100 530 1199 593 seduli-

171 597 238 650 tatis
257 599 401 665 acceptum,

103 664 246 734 ambiguus
264 681 285 718 1.
304 680 365 733 gen.
384 680 423 733 ep.
443 668 466 729 8,
486 669 532 717 62:
555 679 607 716 non
626 679 684 716 sum
701 664 833 731 opinionis
846 664 995 732 ambiguus,
1063 721 1066 726 ,

103 733 275 786 confirmatus
292 733 383 796 animi,
403 749 443 801 ep.
456 738 478 797 1,
498 736 529 784 17
537 749 543 783 :
562 733 608 799 qui
622 732 689 784 satis
703 731 873 786 confirmatus
885 734 967 786 animi
980 735 1035 799 est:
1054 749 1091 802 cp.
1106 739 1132 800 7,
1146 739 1203 799 113,

104 818 136 854 11
154 802 212 855 iens
230 818 251 854 c.
271 816 324 856 acc.
343 817 382 869 cp.
403 806 425 866 1,
444 805 489 852 27:
514 817 555 853 me
572 803 600 854 te
617 817 651 880 op
670 800 713 852 ido
732 816 789 853 esse
806 802 966 870 cupientem,

103 819 199 923 dubius
217 885 238 923 c.
258 885 317 938 gen.
336 885 376 938 ep.
396 875 419 935 1,
440 873 501 922 101:
522 884 585 921 nam
602 818 669 937 quid
685 884 761 936 agam
781 869 904 922 fortunae
922 870 1029 933 dubius,

104 939 187 992 falsus
205 955 226 991 c.
246 953 305 1006 gen.
324 953 364 1007 ep.
383 942 407 1001 8,
426 942 472 992 21:
492 937 629 1005 indulgere
647 940 675 989 te
693 937 748 990 otio
768 937 902 1006 opinionis
920 937 1005 992 falens
1023 937 1160 1007 putabam,

103 1007 187 1060 fessus
205 1022 226 1059 1.
244 1021 303 1074 gen.
323 1023 364 1075 ep.
385 1011 407 1072 1,
427 1012 472 1060 13:
491 1022 553 1058 nam
570 1005 729 1059 tabellarius
747 1006 903 1074 vigiliarum
922 1005 1008 1060 fessus
1026 1007 1161 1073 adstabat,

104 1076 218 1128 incertus
236 1090 258 1127 c.
276 1089 336 1142 gen.
354 1091 395 1143 ep.
410 1079 432 1140 1,
452 1079 498 1127 31:
517 1073 582 1143 quid
600 1073 686 1142 igitur
703 1074 791 1142 magis
809 1075 896 1138 mirer,
915 1075 1065 1130 sententiae
1082 1077 1201 1139 incertus

170 1141 308 1208 addubito,
329 1158 369 1211 ep.
390 1148 411 1207 1,
431 1148 478 1195 25:
496 1157 591 1210 quaero
609 1144 699 1210 igitur
714 1143 834 1196 incertus
852 1143 944 1210 animi,

105 1212 209 1280 integer
228 1228 249 1264 1.
276 1227 337 1280 gen.
365 1216 534 1279 ep.1,101:
563 1210 687 1279 auspiciis
715 1211 770 1264 tuis
792 1211 880 1279 quivis
904 1213 955 1265 fati
977 1213 1081 1279 integer
1100 1213 1203 1266 amicus

172 1280 290 1345 intersit,

104 1349 189 1402 laetus
207 1365 229 1402 c.
247 1364 308 1416 gen,
326 1365 366 1417 op.
387 1354 409 1410 1,
427 1352 472 1400 27:
491 1364 550 1401 sum
568 1363 629 1402 vero
646 1347 827 1416 praesentium
846 1348 943 1414 laetus,

104 1417 207 1471 nescius
234 1432 256 1472 c.
279 1433 339 1485 gen.
362 1432 401 1484 ep.
422 1422 450 1481 5,
476 1421 521 1470 66:
549 1419 669 1470 externos
692 1431 795 1485 quoque
819 1418 847 1468 et
865 1417 1006 1470 memorati
1024 1417 1077 1470 riri
1098 1418 1200 1471 nescios

170 1501 263 1538 causae
281 1485 336 1538 urit
354 1485 514 1554 indignitas,

104 1555 182 1607 notus
200 1570 222 1609 c.
240 1569 299 1622 gen.
323 1569 363 1622 ep.
382 1560 406 1618 2,
426 1559 470 1608 63:
494 1554 595 1622 suscipe
612 1553 710 1620 igitur,
734 1568 779 1605 oro
797 1555 838 1618 11,
856 1555 951 1607 notum
971 1554 1086 1608 militiae
1104 1555 1203 1620 virum,

104 1637 203 1690 pauper
220 1638 242 1675 1.
257 1638 316 1690 gen.
331 1639 370 1691 ep.
387 1628 409 1686 1,
428 1626 475 1674 23:
494 1623 539 1675 sed
557 1638 604 1675 cur
618 1637 666 1689 ego
681 1620 784 1673 diutius
800 1622 927 1674 sermonis
942 1637 1041 1690 pauper
1057 1623 1200 1690 obgannio,

104 1693 242 1758 promptus
260 1707 282 1744 c.
301 1707 360 1760 geu.
379 1707 418 1759 ep.
440 1697 462 1755 1,
483 1697 510 1743 1:
529 1691 600 1744 malo
618 1706 674 1743 esse
692 1691 831 1757 promptus
850 1690 941 1755 offleii,

104 1759 208 1812 servilis
231 1775 310 1812 ausus
323 1781 355 1806 =
368 1774 504 1812 servorum
528 1759 651 1821 licentia,
679 1774 717 1826 ep.
741 1763 761 1820 l,
781 1762 824 1811 74:
848 1759 877 1811 id
895 1775 944 1827 ego
960 1800 964 1811 .
978 1800 999 1810 ..
1017 1759 1108 1812 servili
1131 1766 1199 1813 'ausu

172 1828 241 1880 clam
259 1830 287 1880 tc
304 1829 398 1897 opinor
416 1827 571 1880 admissum.

75 1912 209 1967 Neutrum
226 1913 354 1967 adiectioc'
372 1909 433 1967 lead
446 1913 584 1967 adverbii:

105 1997 145 2050 ep.
166 1985 189 2044 1,
209 1984 238 2032 8:
256 1982 336 2035 Bauli
354 1997 483 2050 maguum
501 1983 620 2046 silentes

107 2065 145 2117 ep.
165 2055 189 2114 6,
209 2054 255 2102 41:
273 2050 421 2119 impunitas
439 2066 538 2118 magna
556 2051 733 2118 peccantium,

105 2134 143 2185 ep.
163 2123 186 2182 7,
206 2123 253 2171 23:
271 2119 383 2187 longum
401 2118 475 2171 fruar
493 2119 543 2171 otii
561 2119 734 2186 possessione,

105 2202 144 2255 ep.
163 2193 188 2250 5,
209 2191 253 2238 77:
271 2187 383 2254 longum
402 2187 472 2251 siles,

20 2286 25 2295 „
107 2271 144 2324 ep.
167 2260 189 2321 1,
211 2259 239 2306 7;
257 2270 394 2324 quousque
411 2255 523 2322 longum
542 2256 643 2323 loquor.

76 2340 213 2394 Neutrum
231 2339 359 2393 adiectioa'
375 2340 433 2394 loco
450 2341 628 2394 substantivi.-
930 2404 932 2409 Ι

106 2425 146 2477 ep.
166 2415 190 2474 3,
212 2413 255 2463 17:
273 2425 307 2461 ne
325 2408 444 2462 animum
462 2412 540 2462 tunm
558 2409 719 2463 contrahant
738 2426 830 2463 amara
848 2425 1009 2474 sermonum,

106 2493 144 2546 ep.
163 2483 188 2539 6,
207 2481 252 2529 771
270 2477 393 2546 quamvis
411 2478 483 2531 ultro
502 2479 659 2545 scripserim,
679 2477 778 2531 doloris
796 2479 847 2532 mei
866 2477 978 2532 aduersa
996 2480 1112 2543 tenuari,

106 2562 143 2614 ep.
163 2552 187 2610 9,
207 2550 252 2598 861
272 2546 359 2599 virtus
431 2547 546 2600 maximo
565 2547 660 2599 sudore
678 2546 792 2599 arduum
810 2547 899 2598 laudis
917 2547 1061 2612 adnititur,

109 2631 156 2682 ep„
167 2619 192 2677 4,
211 2618 258 2666 47:
276 2616 363 2666 cetera
381 2631 483 2666 morum
502 2614 622 2681 probavi,

108 2697 147 2750 ep.
169 2686 192 2747 7,
213 2687 257 2734 it:
275 2681 434 2736 tabellarius
452 2685 523 2746 tuus,
542 2682 644 2735 excitus
716 2681 879 2735 valetudinis
897 2685 960 2735 tuae
979 2683 1069 2747 dubio,

107 2766 145 2818 ep.
164 2754 189 2816 8,
209 2751 254 2802 14:
273 2750 408 2804 amicitiae
427 2751 497 2803 inter
517 2750 689 2818 negotiorum
708 2749 775 2802 dura
793 2750 954 2815 meminisse,

107 2834 145 2887 ep.
166 2823 189 2882 1,
207 2823 253 2871 40:
274 2833 351 2886 quem
370 2819 403 2872 ad
421 2820 471 2872 hoc
488 2819 546 2871 aevi
565 2819 641 2871 nulla
659 2821 768 2872 actuum
787 2820 865 2886 culpa
882 2819 1006 2882 fuscavit,

107 2903 146 2955 ep.
164 2890 189 2953 2,
208 2891 257 2939 36:
272 2887 319 2939 ubi
338 2887 453 2954 primum
471 2903 501 2939 ex
518 2888 618 2939 incerto
636 2887 722 2941 morbi
740 2902 835 2954 parens
854 2887 1003 2940 communis
1022 2888 1167 2954 emerserit,

107 2970 146 3023 ep.
166 2960 188 3019 1,
207 2959 253 3008 90:
271 2953 304 3007 fit
375 2958 407 3008 ut
425 2955 493 3008 levia
510 2971 599 3007 rerum
617 2955 735 3024 portitor
752 2954 865 3008 festivus
879 2958 998 3020 exornet,
1163 2975 1166 2978 ⁴

107 3039 144 3090 ep.
164 3027 188 3088 7,
207 3026 253 3077 381
271 3039 303 3075 11
320 3026 400 3076 tuum
417 3024 470 3076 iter
487 3023 515 3076 in
534 3024 694 3090 Campaniae
712 3023 862 3092 longingua
880 3039 1054 3091 sequeremur,

108 3106 146 3159 ep.
168 3095 208 3154 10,
226 3095 272 3143 541
291 3090 362 3143 11111
380 3092 468 3144 multa
486 3107 615 3154 curarum,

108 3175 146 3228 ep.
166 3164 190 3224 6,
210 3163 256 3211 74ε
275 3159 363 3212 multa
381 3160 410 3212 in
428 3161 455 3211 te
474 3160 606 3211 virtutum
625 3162 722 3213 natura
741 3161 883 3227 congessit,

107 3231 189 3294 1114,
208 3231 253 3280 lo:
272 3227 343 3279 iuter
361 3227 502 3295 praecipua
520 3227 678 3295 gaudiorum
696 3244 804 3281 numero
822 3227 929 3281 litteras
946 3232 1017 3291 tuas,

107 3310 145 3363 ep.
164 3299 189 3358 2,
208 3299 254 3348 48:
273 3295 307 3348 ad
325 3296 439 3348 tertium
458 3295 548 3350 Nonas
566 3293 625 3349 Oct.
644 3297 731 3364 primo
749 3296 818 3349 lucis
834 3295 961 3364 ,respondi
979 3296 1080 3350 litteris
1098 3297 1163 3360 tuis,

107 3377 146 3430 ep.
165 3367 190 3428 6,
210 3366 321 3416 781111
340 3364 369 3416 iu
387 3364 536 3432 propinquo
555 3364 629 3416 urbis
647 3363 787 3418 celebriore
805 3364 877 3417 fama
894 3381 984 3418 rerum
1004 3365 1096 3433 agitis,

107 3447 147 3500 sp.
169 3436 252 3497 1,1o:
272 3432 340 3498 quod
359 3448 483 3500 prospera
502 3434 658 3485 nuntiorum
676 3433 744 3485 clam
763 3449 804 3487 me
822 3449 878 3485 csse
896 3449 949 3486 nou
968 3434 1091 3502 pateris,
1113 3492 1116 3496 Α

107 3503 238 3620 11118ἐ
260 3500 350 3552 omnia
374 3502 457 3564 enim,
476 3515 542 3567 quae
565 3499 597 3551 de
615 3500 804 3568 amplitudinis
829 3504 891 3555 tuae
912 3503 1046 3570 prosperis
1064 3517 1141 3554 nosse
1160 3518 1205 3554 cu·

178 3584 221 3636 pre
240 3583 291 3632 am,

107 3651 144 3704 ep.
166 3640 189 3698 1,
209 3640 253 3716 1οι
281 3635 363 3689 111111
380 3636 499 3690 vicissim
524 3639 625 3689 vestrae
652 3636 748 3689 salutis
772 3639 852 3705 atque
878 3640 985 3690 actuum
1012 3653 1136 3706 prospera
1162 3652 1207 3688 nc-

173 3721 298 3766 remmus,

107 3787 145 3840 ep.
164 3776 190 3837 5,
209 3776 255 3826 731
274 3789 332 3826 cum
351 3772 385 3825 ed
403 3771 524 3841 proxima
541 3772 604 3825 urbi
622 3772 781 3842 digrederer,

106 3856 144 3910 ep.
163 3845 189 3905 6,
208 3845 254 3895 661
273 3858 334 3910 pars
352 3842 405 3895 ista
424 3842 517 3895 solatii
535 3858 658 3896 curarum
675 3859 779 3911 quoque
798 3860 916 3897 mearum
935 3844 1037 3910 reliqua
1055 3841 1205 3908 mitigabit,

108 3925 146 3978 ep.
167 3916 190 3976 1,
210 3915 257 3963 96:
276 3910 398 3964 Polluces
420 3911 523 3979 gemini
546 3909 617 3978 apud
635 3910 763 3964 Iuturnae
787 3913 875 3965 lacum
894 3911 988 3980 proclii
1013 3909 1128 3962 secunda
1148 3910 1205 3962 vul·

176 3982 285 4047 garuut,

109 4061 148 4113 cp.
169 4050 192 4111 1,
213 4052 257 4099 11:
276 4063 340 4113 num
358 4047 537 4100 constantiam
555 4046 654 4100 decreti
672 4063 759 4100 rerum
778 4047 868 4100 subita
886 4048 1054 4114 turbassent,
1097 4110 1101 4118 ,

93 4128 148 4181 ep.
168 4119 192 4177 3,
213 4120 257 4167 151
276 4130 308 4167 ne
325 4115 396 4168 forte
414 4115 529 4167 reditum
548 4119 670 4168 nostrum
688 4115 747 4168 aevi
764 4115 806 4168 tui
824 4115 916 4169 subita
935 4119 1107 4184 praevortant

125 4197 151 4250 p.
214 4187 260 4234 23:
279 4183 314 4235 ad
332 4183 456 4235 arborum
475 4198 580 4235 summa
593 4185 744 4251 perrepunt,

109 4195 149 4316 resp.
168 4187 194 4313 {J
211 4254 259 4302 36:
278 4265 313 4302 an
330 4251 383 4302 tibi
401 4250 563 4305 urbanorum
581 4252 664 4305 tanta
680 4250 783 4304 uitatis
802 4254 857 4316 est,

106 4331 142 4384 ep.
163 4323 186 4380 9,
209 4317 365 4373 11111111
382 4319 447 4375 haec
466 4320 628 4392 opinionum
645 4322 729 4376 uaria
744 4320 891 4374 dubitaui.
