2700 4582
112 95 157 159 40

114 282 214 358 debet,
238 279 451 362 Symmachus,
475 296 565 359 quem
588 297 682 359 supra
705 278 987 366 demonstravimus
1010 279 1159 362 epistolas
1174 297 1245 343 suas

116 385 177 430 non
200 365 291 429 modo
313 384 374 429 non
396 363 544 440 edidisse,
579 365 631 428 sed
662 385 700 430 ne
729 364 911 445 ecquidem
941 364 1086 442 consilio,
1121 365 1158 428 ut
1187 383 1243 426 un·

115 470 208 533 quam
231 450 409 526 ederentur,
443 448 677 530 conscripsisse,
712 450 917 514 clarissimum
946 451 977 513 et
999 451 1124 514 unicum
1153 451 1244 514 docu-

114 534 256 600 mentum
279 534 368 599 nobis
390 535 536 598 relictum
559 535 622 610 est,
658 556 692 599 ex
721 555 779 616 quc
807 553 1043 618 cognoscamus,
1078 553 1139 617 qua
1169 537 1244 611 arte,

113 621 225 703 quibus
248 619 360 685 studiis
384 639 484 700 quave
506 619 694 701 negligentia
716 621 832 684 summi
859 619 948 683 illius
972 619 1083 685 aetatis
1106 618 1167 685 viri
1192 619 1245 684 do-

113 708 278 770 mesticum
307 704 507 786 epistolarum
536 724 627 768 usum
654 725 791 790 exercere
820 704 906 769 soliti
935 705 1008 769 sint.
1055 705 1114 778 Sed
1142 705 1244 784 prius-

113 807 207 873 quam
231 791 271 854 ad
293 789 418 872 singula
443 808 498 853 nos
521 795 725 868 verteremus,
760 789 921 871 aptissimo
950 791 1007 855 hoc
1034 791 1100 853 loco
1130 789 1246 854 iudicia

113 892 352 941 commemorare
367 875 501 956 placuit,
522 894 600 956 quae
616 875 819 959 Symmachus
843 877 908 956 ipse
930 875 1041 939 habuit
1056 875 1091 938 de
1107 893 1246 939 sermone
1298 903 1302 910 ·

113 959 285 1044 epistolari.
328 959 496 1024 Manifesta
518 961 583 1023 eius
613 962 705 1026 verba
727 963 802 1025 sunt
829 961 862 1031 in
892 980 939 1041 ep.
965 962 993 1037 7,
1018 962 1053 1024 9:
1086 961 1188 1037 „Nam
1211 961 1247 1024 ut

113 1046 146 1109 in
170 1045 285 1110 vestitu
308 1045 472 1117 hominum
495 1046 654 1127 ceteroque
677 1046 760 1110 vitae
783 1046 870 1110 cultu
886 1046 952 1108 loco
973 1064 1008 1108 ae
1023 1044 1156 1126 tempori
1172 1048 1248 1128 apta

113 1135 297 1208 sumuntur,
333 1131 380 1194 ita
414 1130 609 1212 ingenicmm
642 1131 774 1194 varietas
808 1131 842 1194 in
875 1130 1086 1214 familiaribus
1119 1130 1246 1211 scriptis

113 1215 337 1300 negligentiam
362 1217 518 1296 quandam
542 1215 631 1280 debet
654 1213 788 1292 imitari,
820 1216 852 1279 in
877 1216 1050 1282 forensibus
1073 1234 1144 1279 vero
1169 1234 1246 1296 qua·

112 1301 177 1364 tere
201 1319 287 1364 arma
310 1300 522 1365 facundiae.“·
550 1301 744 1382 Quantopere
771 1301 910 1384 vulgaris
939 1303 1046 1384 lingua
1074 1302 1113 1365 ab
1142 1302 1245 1366 erudi-

111 1388 215 1450 torum
250 1404 388 1449 sermone
411 1385 601 1468 abhorreat,
635 1389 711 1451 bene
739 1386 909 1468 perspexit,
944 1406 1014 1450 cum
1041 1386 1080 1462 ad
1109 1385 1245 1450 amicum

113 1471 231 1536 scribat
254 1489 299 1551 ep.
324 1471 354 1548 3,
381 1472 434 1534 11:
461 1469 584 1552 „Sumsi
608 1471 723 1552 pariter
751 1473 894 1554 geminas
917 1470 1039 1536 litteras
1062 1473 1149 1549 tuas,
1175 1491 1245 1536 nes-

111 1558 198 1621 torea
219 1557 255 1620 ut
276 1556 323 1619 ita
350 1556 450 1621 dicam
478 1575 573 1620 manu
601 1557 750 1637 scriptas,
784 1576 915 1637 quarum
946 1558 1031 1638 sequi
1058 1556 1245 1640 gravitatem

113 1642 229 1705 laboro.
261 1641 371 1705 Trahit
394 1641 477 1706 enim
500 1652 556 1706 nos
579 1661 654 1706 usus
678 1642 826 1724 temporis
848 1643 882 1705 in
905 1644 1044 1724 argutias
1067 1642 1245 1725 plausibilis

111 1727 270 1791 sermonis.
317 1727 418 1806 Quare
453 1728 580 1809 aequius
612 1727 743 1792 admitte
774 1728 916 1810 linguam
944 1728 1061 1792 saeculi
1088 1729 1186 1802 nostm
1215 1732 1245 1794 et

110 1811 214 1876 deesse
243 1812 315 1875 huic
339 1812 489 1893 epistolae
516 1812 646 1876 atticam
674 1813 842 1877 sanitatem
865 1813 936 1876 boni
967 1815 1119 1878 consule.“
1167 1814 1244 1879 Cum

110 1916 181 1962 uero
210 1897 370 1973 nonnulli,
405 1901 441 1961 ut
471 1899 636 1978 populares
666 1917 755 1962 voces
779 1897 927 1979 vitarent,
963 1917 996 1962 eo
1024 1918 1121 1981 usque
1145 1919 1242 1973 reces-

109 1983 237 2059 sissent,
272 1985 308 2044 ut
331 1982 553 2065 antiquissima
576 1983 726 2048 vocabula
753 1982 815 2047 iam
843 1983 897 2048 diu
919 1983 1058 2048 obsoleta
1085 1987 1116 2049 et
1138 1985 1243 2068 incog-

109 2068 177 2132 nita
200 2068 397 2145 reducerent,
431 2068 493 2132 tale
516 2068 671 2147 studium,
707 2067 895 2149 quamquam
919 2070 1021 2149 ipsum
1050 2089 1082 2133 se
1109 2088 1144 2133 eo
1166 2090 1243 2134 non·

110 2171 269 2234 nunquam
292 2153 449 2233 relapsum
472 2152 642 2234 profitetur,
667 2155 771 2234 aperte
795 2154 901 2216 tamen
927 2154 1092 2234 vituperat.
1124 2155 1170 2219 Of.
1194 2175 1240 2237 ep.

109 2240 139 2314 3,
162 2237 218 2300 44:
245 2235 402 2312 ,Concedo
424 2237 457 2301 iu
480 2238 562 2319 leges
585 2239 656 2301 tuas
679 2238 711 2300 et
731 2233 908 2322 ἅρχαισμὸν
931 2239 1083 2303 scribendi
1111 2259 1172 2304 non
1194 2241 1242 2304 in-

110 2323 195 2388 vitus
218 2321 335 2385 affecto.
381 2323 427 2385 Tu
451 2326 556 2387 tamen
578 2323 628 2386 fac
648 2323 843 2400 memineris,
877 2324 957 2388 illud
985 2324 1087 2405 potius
1111 2325 1243 2408 simplex

109 2406 269 2471 nonnullis
291 2406 407 2484 videri,
426 2405 534 2487 'quod'
551 2407 707 2488 sequentis
737 2409 848 2471 aetatis
882 2428 955 2472 usus
979 2409 1117 2491 recepit.
1139 2458 1170 2474 ..
1211 2411 1243 2476 Si
1273 2478 1276 2482 ,

109 2492 169 2557 tibi
191 2490 366 2557 vetustatis.
382 2491 506 2559 tantum
530 2494 577 2557 est
599 2510 700 2570 amor,
733 2493 800 2574 pari
832 2494 935 2558 studio
963 2496 996 2558 in
1028 2496 1120 2568 uerba
1142 2496 1243 2578 prisca

109 2576 289 2656 redeamus,
320 2577 430 2659 quibus
453 2575 531 2642 Salii
554 2578 672 2642 canunt
699 2579 730 2641 et
752 2594 883 2660 augures
911 2598 998 2644 avem
1023 2581 1190 2645 consulunt
1212 2583 1242 2645 et

109 2660 274 2726 decemviri
311 2662 432 2728 tabulas
468 2662 682 2728 condiderunt.
728 2664 915 2727 Iamdudum
947 2664 995 2729 his
1026 2666 1241 2732 renuntiatum

109 2749 165 2827 est,
189 2748 225 2810 ut
242 2746 399 2813 successio
420 2749 594 2830 temporum
616 2747 734 2828 placita
760 2749 863 2829 priora
885 2751 1020 2815 mutavit
1040 2800 1046 2812 .
1069 2800 1074 2811 .
1096 2799 1102 2812 .
1144 2753 1243 2835 Atqui

108 2833 247 2914 praestat
268 2831 410 2897 Tullium
432 2832 535 2914 sequi,
565 2832 619 2913 qui
640 2833 786 2915 ignorata
809 2835 979 2899 maioribus
1002 2839 1132 2916 usurpat
1155 2857 1242 2902 exor-

108 2915 189 2981 dia.“
231 2915 278 2980 Ns
300 2918 470 2998 veroquid
491 2917 647 2981 intactum
669 2917 901 3000 relinquamus,
937 2920 969 2983 id
992 2939 1112 3003 quoque
1134 2941 1241 2987 mone-

108 3021 193 3079 muS,
229 3001 450 3085 Symmachum
484 3003 516 3066 in
544 3001 684 3083 epistolis
716 3002 921 3068 inscribendis
949 3008 1089 3070 veterum
1122 3026 1241 3072 morem

109 3087 172 3150 iam
195 3104 213 3150 a
235 3086 392 3168 plerisque
412 3089 590 3170 neglectum
613 3107 751 3153 servasse
785 3090 816 3152 et
850 3089 917 3153 sine
947 3091 1012 3154 ullo
1034 3092 1186 3157 honorum
1210 3094 1242 3157 et

107 3171 271 3236 titulomm
293 3173 364 3236 fuco
387 3172 489 3238 solum
517 3192 608 3238 suum
636 3176 667 3238 et
694 3172 775 3249 eius,
809 3175 847 3238 ad
877 3194 967 3257 quem
994 3176 1121 3242 litterae
1148 3178 1241 3243 datae

107 3258 212 3334 erant,
247 3275 360 3321 nomen
382 3258 608 3340 praeposuisse,
645 3258 725 3339 quod
749 3258 876 3342 colligas
899 3278 934 3323 ex
957 3281 1003 3343 ep.
1028 3262 1059 3338 2,
1082 3263 1138 3340 35,
1170 3282 1240 3327 cum

107 3359 340 3490 11ἕ1ξ11111,
376 3360 455 3423 quae
483 3362 528 3425 ep.
553 3344 583 3420 3,
607 3343 649 3413 44,
671 3342 841 3423 adduntur,
875 3363 935 3409 non
966 3347 1044 3410 bene
1075 3348 1240 3414 convenire

109 3445 141 3493 m
163 3445 200 3490 en
217 3445 286 3493 ur..
418 3491 422 3495 .

171 3569 175 3573 .
208 3511 269 3590 Qui
291 3530 372 3579 nunc
393 3511 430 3576 dc
452 3530 503 3590 ea,
534 3530 595 3593 qua
616 3511 820 3595 Symmachus
843 3517 876 3579 in
900 3516 1059 3597 scribendo
1082 3537 1157 3582 usus
1180 3522 1237 3596 est,

106 3595 265 3679 latinitate
287 3615 305 3660 a
329 3615 378 3662 ere
400 3597 461 3661 sibi
484 3596 654 3680 proposuit,
679 3602 706 3662 ei
730 3600 811 3662 certe
826 3600 917 3664 venia
932 3602 1066 3682 petenda
1088 3604 1135 3667 est
1157 3604 1239 3668 docti

104 3681 239 3746 lectoris.
276 3742 280 3747 .
318 3699 368 3748 am
402 3700 470 3751 cum
501 3682 631 3756 oratoris
666 3684 867 3764 epistolarum
900 3687 1114 3761 recentissima
1143 3688 1238 3752 editio

104 3765 254 3847 prodierit
276 3785 302 3831 a.
329 3766 420 3832 1617.
444 3765 573 3844 Neapoli
590 3766 764 3834 Nemetum
787 3769 915 3850 (iterum
938 3773 1089 3854 impressa
1103 3773 1237 3848 Franco·

104 3843 178 3916 forti
203 3851 310 3931 toea,
340 3851 446 3938 1651.)
472 3870 565 3934 eaque
588 3853 698 3917 multis
721 3854 795 3918 locis
817 3858 921 3936 aperte
943 3857 1071 3935 vitiosa,
1095 3858 1168 3935 aliis
1190 3859 1238 3922 in-

105 3935 232 4021 quinata
254 3934 298 4003 sit
319 3936 412 4007 malis
435 3937 718 4017 emendationibus,
752 3945 912 4021 praeterea
939 3943 1062 4023 propter
1091 3947 1236 4026 typorum

104 4022 356 4104 tmpissimorum
377 4022 575 4089 incredibiles
599 4042 715 4090 errores
744 4026 864 4109 saepius
891 4046 1015 4093 sensum
1043 4029 1135 4109 plane
1164 4029 1238 4092 nul·

103 4109 171 4173 lum
194 4108 350 4187 exhibeat,
379 4108 470 4181 facile
492 4109 683 4192 intelligitur
704 4113 823 4193 quanta
845 4133 919 4197 opus
943 4113 985 4177 sit
1007 4114 1165 4193 cautione,
1197 4134 1236 4191 ne

104 4190 286 4279 Symmacho
305 4193 482 4277 impertias,
506 4212 583 4278 quae
605 4195 645 4260 ad
667 4197 819 4271 incultum
835 4201 1050 4280 impressorem
1066 4199 1233 4283 pertinent.

90 4276 207 4354 &pue
217 4279 406 4358 ,1111111111
430 4283 485 4354 eod
508 4299 595 4363 'quae
624 4282 712 4349 certa
738 4282 938 4359 uiderentur,
969 4285 1111 4349 delibare
1134 4286 1243 4363 potrus
