2700 4582
1178 109 1222 180 25

93 298 161 365 dem
186 284 390 385 'progressum
423 299 640 381 necessarium,
673 318 727 382 per
758 317 848 383 quem
881 299 1011 366 meliora
1041 318 1160 379 semper
1187 301 1221 365 in

92 385 196 450 locum
227 387 367 470 priorum
389 387 602 466 succederent,
637 386 711 452 inde
744 385 839 450 etiam
866 385 988 468 probari
1022 386 1107 464 dicit,
1141 387 1222 470 quod

92 471 225 537 Romani
248 471 322 554 ipsi,
351 491 412 536 non
433 473 574 537 contenti
596 472 675 546 deis,
704 489 779 555 quos
808 470 924 552 primos
947 471 978 535 11
1003 471 1143 555 proprios
1166 473 1222 536 ha-

50 583 52 586 ·
92 557 257 637 buissent,
279 557 413 623 aliarum
436 577 555 640 quoque
576 558 718 642 gentium
746 556 876 621 numina
908 557 1102 639 recepissent.
1147 557 1222 622 Vic-

91 643 214 721 toriam,
238 661 331 727 quam
352 643 403 707 illi
423 645 512 709 deam
531 645 683 725 putarent,
706 661 820 707 munus
843 661 919 720 1111,
943 661 1004 706 111
1026 643 1221 725 potestatem,

91 728 199 795 donari
222 747 306 813 eam,
329 747 390 793 non
413 729 575 795 dominari.
613 727 707 796 Cuius
730 728 886 792 1111111
910 729 994 792 ouria
1015 729 1222 812 reponeretur,

91 813 449 898 ingentem‘ohristianis
472 813 668 879 senatoribus
691 813 854 878 imminere
876 813 1032 897 iniuriam,
1056 833 1125 878 cum
1149 833 1223 898 gen·

92 901 174 979 tiles,
197 901 308 982 quibus
330 900 454 981 plateae
468 900 642 965 simulacris
658 901 788 964 refertae
804 918 866 963 nou
882 899 1067 977 sufficerent,
1091 900 1125 964 in
1140 918 1223 965 com·

93 987 182 1052 muni
205 992 325 1068 quoque
355 985 483 1050 oonsilio
514 1004 709 1050 communem
740 985 948 1050 conditionem
976 989 1222 1067 aspernarentur.

94 1073 170 1136 Rem
193 1071 259 1136 iam
281 1071 320 1134 11
342 1071 443 1153 ipsam
465 1071 659 1152 imperatoris
682 1070 775 1135 fidem
797 1071 967 1153 pertinere,
991 1071 1045 1153 qui
1066 1070 1150 1135 idem
1173 1090 1224 1136 co·

94 1157 188 1242 geret,
215 1175 292 1239 quae
307 1156 459 1222 iussisset.
504 1158 545 1222 Et
561 1160 706 1239 quoniam
722 1155 865 1221 Gratiani
887 1156 1066 1239 repentinus
1081 1155 1225 1221 interitus

96 1242 257 1308 nonnullis
291 1242 454 1307 videbatur
487 1243 572 1307 ortus
605 1261 623 1307 a
656 1243 780 1308 deorum
813 1242 1017 1326 negligentia,
1051 1261 1226 1325 perversam
1268 1261 1272 1266 ’

71 1329 173 1393 'hanc
203 1328 473 1393 ratiocinationem
504 1328 620 1394 refellit
647 1328 776 1411 prolatis
804 1328 936 1392 aliorum
958 1328 1096 1392 virorum
1123 1347 1225 1392 enem-

93 1415 164 1497 plis,
199 1416 252 1497 qui
274 1413 415 1497 quamvis
438 1414 564 1478 deorum
597 1415 728 1478 numina
760 1432 881 1478 summo
915 1414 1018 1478 studio
1048 1415 1225 1492 coluissent,

52 1511 55 1516 ’
94 1505 198 1566 tamen
214 1500 357 1564 fortunae
370 1499 547 1581 repentinas
563 1502 595 1564 et
606 1500 727 1565 subitas
743 1498 973 1563 vicissitudines
986 1518 1047 1577 non
1064 1499 1225 1565 vitassent.

93 1585 292 1670 Pompeium,
327 1603 386 1668 quo
409 1585 577 1650 beatiorem
608 1585 764 1658 neminem
786 1603 924 1667 unquam
946 1585 1087 1650 Romana
1109 1584 1228 1666 templa

94 1671 286 1746 habuissent,
321 1671 467 1752 spadonis
499 1689 595 1735 manu
630 1671 822 1747 occubuisse,
857 1669 973 1752 Cyrum
1001 1671 1114 1735 misero
1138 1671 1227 1734 modo

94 1757 236 1842 periisse,
270 1756 494 1833 Hamilcarem,
529 1757 582 1840 qui
613 1758 679 1821 toto
701 1755 811 1838 proelii
834 1759 970 1838 tempore
999 1756 1083 1820 inter
1110 1755 1228 1820 medias

95 1844 174 1910 acies
203 1841 386 1906 dimicantes
415 1842 564 1906 sacrificia
591 1842 728 1918 fecisset,
763 1842 889 1924 cognita
916 1860 1042 1905 suorum
1076 1841 1161 1906 clade
1194 1842 1227 1904 in

94 1931 182 2012 ipsos·
203 1945 280 2009 quos
301 1928 443 1992 adolebat
470 1929 559 2011 ignes
582 1946 615 1992 11
637 1927 864 2010 praecipitasse,
898 1926 1064 1992 Julianum
1087 1927 1227 2008 denique,

95 2013 296 2097 haruspicum
329 2013 485 2095 responsis
513 2015 595 2078 mele
628 2013 802 2090 credulum,
837 2012 1011 2078 revertendi
1045 2013 1228 2078 facultatem

96 2099 156 2166 sibi
177 2098 340 2163 ademisse.
386 2099 514 2163 Atiam
537 2099 691 2164 adfinem
715 2099 840 2162 tendens
862 2100 1016 2163 asseveret
1037 2096 1228 2174 Ambrosius,

95 2183 320 2251 lacessentibus
342 2203 374 2248 sc
396 2186 558 2267 tamquam
587 2202 648 2248 non
669 2184 848 2247 lacessitum
870 2184 1078 2265 respondisse,
1102 2182 1230 2247 relatio-

96 2291 166 2336 nem
189 2269 348 2349 refellisse,
381 2289 443 2334 non
466 2270 718 2351 superstitionem
752 2268 937 2350 exposuisse.
982 2271 1141 2333 Portremo
1168 2268 1229 2331 im-

95 2356 268 2443 peratorem
291 2354 450 2434 admonet,
474 2357 511 2420 ut
533 2373 602 2419 cum
626 2353 743 2437 priores
766 2354 922 2437 principes
953 2356 1077 2436 patrum
1101 2353 1229 2419 cerimo-

97 2444 164 2508 nias
179 2439 358 2518 coluissent,
381 2440 566 2505 recentiores
583 2459 644 2505 non
659 2440 859 2516 amovissent,
883 2441 949 2521 ipse
964 2440 1133 2522 gentilium
1148 2439 1229 2503 11111
1287 2478 1288 2481 =

97 2548 157 2593 non
178 2526 270 2591 rhodo
293 2543 353 2589 non
377 2530 565 2609 sequeretur,
590 2525 643 2590 sed
665 2525 772 2589 fratris
794 2527 914 2589 statuta
936 2528 1083 2589 servaret.

198 2610 375 2694 Symmachi
403 2612 513 2676 relatio
541 2630 612 2674 cum
645 2610 677 2674 in
706 2610 888 2677 consistorio
921 2610 1069 2691 principis
1102 2609 1231 2674 recitata

97 2696 153 2774 est,
177 2695 318 2760 omnium
341 2695 461 2761 animos
485 2696 560 2760 adeo
576 2696 753 2772 commovit,
777 2697 814 2759 ut
836 2701 898 2760 una
921 2714 992 2760 voce
1015 2695 1043 2758 ei
1059 2695 1229 2777 obsequen-

97 2783 171 2846 dum'
195 2799 260 2846 esse
283 2781 505 2846 clamitaretur.
550 2780 609 2845 Sed
632 2781 820 2845 contrarium
844 2782 967 2863 evenit3
991 2799 1065 2844 nam
1088 2780 1229 2845 Valenti-

96 2868 217 2948 nianus,
242 2867 388 2948 puerulus
411 2865 561 2931 tredecim
584 2884 744 2945 annorum,
770 2868 820 2930 oui
842 2868 908 2931 tam
931 2865 1035 2950 gravis
1050 2884 1159 2930 causae
1181 2866 1231 2929 iu·
1327 2900 1336 2905 -

97 2952 212 3018 dicium
235 2951 412 3016 habendum
435 2955 524 3029 esset,
548 2951 698 3035 neglectis
720 2952 909 3035 reliquorum
938 2951 1115 3025 sententiis,
1130 2953 1231 3016 totam

97 3057 162 3103 rem
184 3036 224 3100 ad
239 3039 371 3103 matrem
387 3039 418 3101 et
433 3038 635 3102 Ambrosium
657 3038 781 3103 detulit.
806 3039 924 3118 Quibus
947 3037 1125 3102 auctoribus
1141 3055 1232 3101 nemo

98 3122 263 3188 mirabitur
290 3122 408 3187 factum
437 3143 519 3199 1111,
544 3124 579 3186 11
607 3126 733 3186 1111111
761 3125 894 3188 Romani
924 3124 1032 3206 petitio
1061 3143 1114 3205 per
1141 3122 1232 3206 Sym·

96 3208 240 3273 maehum
271 3208 389 3289 prolata
418 3209 592 3273 reioeretur.
639 3208 707 3287 Qua
732 3208 768 3271 de
790 3227 823 3271 11
845 3209 978 3272 1111111
1006 3211 1053 3272 111
1075 3208 1232 3274 Ambrosii

98 3312 168 3357 cum
192 3311 238 3373 ep.
261 3293 313 3368 57,
336 3294 366 3368 3,
390 3295 458 3357 11111
481 3294 554 3358 obit.
579 3294 649 3356 Vel.
677 3295 731 3358 19:
764 3295 918 3371 ,111111
942 3293 1093 3371 universi,
1123 3295 1176 3376 qui
1200 3293 1233 3356 in

98 3378 279 3443 consistorio
302 3377 445 3456 1111111,
476 3379 639 3443 1111111111
662 3380 778 3460 pariter
806 3381 897 3460 atque
925 3379 1060 3462 gentiles
1095 3379 1232 3444 dicerent

98 3482 164 3528 esse
187 3462 355 3539 reddenda,
385 3467 468 3528 solus
503 3466 589 3528 velut
617 3464 730 3527 Daniel
765 3463 897 3527 excitato
925 3466 958 3528 in
983 3484 1014 3528 se
1038 3463 1096 3528 Dei
1118 3464 1232 3546 spiritu

98 3549 249 3631 arguebat
264 3547 408 3628 perfidiae
424 3547 623 3625 Christianos,
647 3550 818 3631 gentilibus
842 3549 987 3614 obviabat
1010 3549 1129 3614 dicens:
1153 3548 1234 3631 quod

97 3634 168 3716 pius
198 3633 295 3697 frater
328 3634 455 3715 eripuit,
492 3634 642 3717 quomodo
671 3652 762 3699 1111
783 3635 901 3717 putatis
935 3653 1000 3698 esse
1023 3634 1233 3699 reddendum?

98 3737 170 3784 eum
193 3717 233 3814 in.
250 3737 285 3782 eo
308 3719 339 3782 et
361 3718 471 3801 religio
487 3721 628 3785 laedatur
650 3722 681 3784 et
697 3721 802 3799 frater,
826 3738 844 3783 1
866 3739 926 3803 quo
949 3739 981 3784 11
997 3719 1097 3783 111111
1118 3721 1233 3801 pietate

98 3808 265 3887 11111111.ιι
324 3869 329 3875 ,
760 3801 765 3817 “

200 3889 310 3953 Talem
324 3889 436 3953 habuit
451 3889 569 3954 exitum
581 3891 689 3973 petitio
703 3892 826 3955 senatus
837 3889 969 3954 Romani
980 3889 1069 3953 iussu
1084 3905 1233 3957 asummo

99 3972 188 4037 illius
216 3974 327 4039 aetatis
355 3975 474 4039 oratore
503 3975 618 4039 habita.
665 3975 724 4040 Sed
753 3995 942 4058 quamquam
971 3974 1026 4039 ille
1055 3991 1178 4055 operam
1201 3975 1232 4037 et

98 4059 216 4136 oleum,
245 4061 281 4123 ut
312 4060 433 4136 dicunt,
467 4060 559 4142 plane
586 4060 735 4143 perdidit,
764 4062 923 4144 ingentem
949 4062 1055 4124 tamen
1086 4059 1234 4123 excitavit

98 4144 182 4225 apud
205 4144 319 4209 alteros
332 4145 580 4225 admirationem,
604 4147 850 4230 indignationem
873 4146 955 4227 apud
977 4146 1099 4210 alteros.
1124 4143 1235 4206 Exorti

100 4228 195 4292 etiam
222 4230 296 4294 sunt
322 4232 353 4296 in
382 4231 519 4297 maxima
544 4233 606 4301 hac
627 4234 811 4300 animorum
832 4232 982 4297 omnium
999 4227 1268 4292 seueritatem,

93 4313 147 4393 poi
167 4312 348 4398 Symmachi
372 4322 566 4404 argumenta
594 4321 663 4389 suis
693 4321 883 4388 rationibus
903 4311 1124 4381 retexissent,
1145 4312 1295 4380 neem
