2700 4582
120 172 167 238 20

123 358 243 423 derium
273 376 334 421 non
363 360 511 422 moveret.
556 356 614 421 Sed
643 356 706 420 iam
733 356 838 439 pergit
872 355 910 418 11
944 355 1070 419 tertiam
1100 355 1254 436 quandam

123 463 189 508 rem
211 442 430 525 deplorandam
453 478 493 488 —
516 443 563 505 ius
586 441 808 504 hereditarium
831 440 1042 506 sacerdotibus
1065 440 1252 521 ademptum.

123 528 307 594 Obtestatur
329 528 478 608 principis
502 527 709 602 clementiam,
733 526 764 589 id
786 529 877 590 mode
900 525 1084 602 concederet,
1108 526 1144 588 ut
1159 527 1255 590 testa-

123 615 228 680 menta
251 631 355 677 secure
378 612 495 676 dictare
517 613 624 676 liceret
651 630 727 674 1111
749 611 917 674 morientes
947 610 1080 692 amplius
1104 611 1254 675 sollicita-

123 699 238 763 rentur.
264 698 330 777 Quo
354 697 435 761 enim
457 697 525 760 iure
548 714 690 761 romanas
714 696 877 778 religiones
896 713 1127 760 cromanarum
1150 696 1255 779 legum

124 784 247 850 iustitia
269 782 446 865 prohiberi?
479 781 557 846 (lum
586 782 693 845 liberti
719 782 826 862 legata
853 783 1012 861 caperent,
1047 782 1128 844 servi
1157 782 1222 845 test
1241 815 1255 827 ·

123 869 300 934 mentorum
321 868 387 931 iure
410 868 502 949 atque
525 867 666 930 utilitate
688 885 751 930 non
774 868 988 949 privarentur,
1015 866 1096 929 solas
1120 865 1255 948 virgines

123 953 243 1018 nobiles
272 971 491 1034 sacrorumque
515 953 686 1016 ministros
706 953 838 1032 praediis
870 951 1040 1015 hereditate
1068 952 1255 1032 comparatis

123 1037 252 1103 excludi,
276 1037 331 1101 Nil
359 1039 456 1120 igitur
479 1038 620 1118 expedire
643 1041 764 1100 castum
788 1054 897 1118 corpus
920 1036 1018 1100 saluti
1039 1035 1181 1118 publicae
1204 1036 1256 1100 de·

124 1125 254 1202 vovisse,
276 1124 401 1205 imperii
424 1122 642 1187 aeternitatem
662 1122 842 1185 coelestium
864 1122 992 1187 numine
1015 1121 1173 1196 muniisse,
1197 1122 1255 1186 11-

123 1210 303 1290 peratorum
326 1211 420 1273 armis
443 1209 474 1272 et
498 1207 612 1289 aquilis
636 1207 785 1271 virtutem
816 1209 847 1271 et
869 1207 1002 1288 gloriam
1023 1206 1172 1282 sociasse,
1201 1224 1257 1288 pro

123 1297 261 1358 omnium
284 1293 385 1357 salute
408 1295 482 1357 1111
504 1311 706 1374 nuncupasse,
731 1310 802 1355 cum
823 1293 898 1356 iuris
923 1291 1095 1356 communis
1118 1294 1256 1372 expertes

118 1381 236 1443 essent.
260 1455 263 1459 ,
283 1377 472 1442 servitutem
494 1379 575 1441 certe
608 1397 643 1442 ea
666 1378 841 1442 conditione
875 1395 940 1440 esse
973 1375 1144 1440 meliorem.
1190 1375 1256 1440 Ista

124 1482 194 1528 1111
217 1481 278 1527 non
300 1463 458 1544 religionis
481 1462 594 1526 finibus
625 1466 718 1544 atque
746 1464 889 1527 terminis
912 1462 1065 1544 descripta
1087 1478 1167 1538 1111,
1203 1461 1256 1525 111

123 1548 219 1612 111111
252 1550 374 1631 patere,
418 1567 489 1612 cum
522 1567 557 1612 11
594 1547 652 1611 illa
685 1548 863 1616 facinorum¹
897 1545 1121 1629 quodammodo
1154 1545 1256 1611 radice

124 1634 253 1698 cunctae
276 1634 405 1697 humani
426 1633 548 1716 generis
572 1633 768 1697 calamitates
791 1633 1015 1715 prorupissent.
1047 1630 1142 1694 Illinc
1163 1631 1256 1695 famis

124 1718 211 1782 illius
233 1719 385 1782 terribilis
408 1719 560 1801 originem
582 1737 648 1782 esse
671 1719 851 1800 petendam,
881 1735 959 1798 quae
987 1734 1047 1779 non
1070 1719 1171 1779 terrae
1196 1715 1256 1779 ini·

124 1804 242 1886 quitate
264 1804 370 1885 aliqua
392 1809 509 1881 exorta,
537 1803 590 1867 sed
613 1803 763 1868 divinitus
786 1804 885 1868 missa
907 1803 1002 1877 esset3
1022 1819 1070 1864 11
1091 1800 1256 1884 sacrilegio

123 1891 207 1954 enim
230 1888 402 1953 siccitatem
424 1888 610 1971 provenisse,
628 1891 659 1952 et
692 1890 863 1953 necessario
885 1885 1029 1952 omnibus
1056 1885 1089 1950 id
1116 1885 1256 1967 periisse,

124 1974 205 2057 quod
227 1973 429 2057 religionibus
457 1974 604 2057 negatum
635 1975 725 2038 esset.
771 1975 878 2055 Neque
906 1990 1045 2052 unquam
1072 1989 1256 2052 proavorum

124 2060 330 2143 temporibus,
363 2059 416 2142 qui
449 2060 635 2141 religionum
657 2058 816 2123 ministros
844 2058 965 2140 publice
993 2057 1162 2133 aluissent,
1192 2055 1256 2120 tale

124 2147 290 2227 quicquam
322 2145 484 2222 accidisse,
520 2146 557 2208 ut
589 2145 729 2208 homines
763 2146 862 2208 vitam
892 2143 1089 2206 silvestribus
1120 2141 1255 2206 arbustis

123 2231 235 2294 misere
270 2230 481 2294 sustentarent
511 2232 542 2294 et
575 2229 804 2294 rusticanorum
837 2227 1056 2293 multitudines
1091 2226 1129 2291 ad
1162 2226 1256 2290 dodo·

125 2332 217 2378 nacae
240 2315 364 2379 arbores
388 2315 597 2398 confugerent,
622 2334 781 2397 nunquam
805 2317 897 2379 antea
919 2332 956 2377 11
978 2331 1159 2395 quercorum
1173 2311 1256 2376 fruc·

124 2399 209 2464 tibus
231 2399 372 2464 homines
395 2401 456 2464 sibi
479 2401 596 2464 victum
619 2418 815 2480 procurasse,
849 2417 1008 2482 nunquam
1031 2416 1065 2462 eo
1088 2397 1256 2474 devenisse,

125 2486 161 2549 ut
183 2485 295 2548 herbas
319 2486 499 2560 evellerent;
532 2504 568 2548 11
591 2485 676 2548 11111
699 2486 783 2549 1111
805 2485 1016 2550 sacerdotibus
1039 2484 1173 2566 benigne
1198 2483 1256 2547 tri·

126 2571 213 2635 buto
227 2573 379 2635 terrarum
401 2571 520 2634 fructus
536 2570 729 2635 abundantes
746 2575 776 2635 11
792 2572 929 2652 copiosos
951 2569 1136 2649 prouenisse,
1161 2587 1257 2648 neque

112 2673 197 2719 eam
221 2655 321 2719 fuisse
342 2655 535 2737 largitatem,
566 2655 618 2720 sed
645 2656 748 2736 potius
769 2655 960 2741 praesidium
982 2652 1207 2736 quodammodo
1229 2655 1259 2717 11

34 2792 37 2797 .
125 2739 308 2816 remedium.
353 2736 877 2824 111111111111115111111111,
908 2739 961 2822 qui
990 2758 1054 2804 rem
1080 2740 1127 2802 ita
1148 2736 1257 2801 deien-

126 2826 218 2900 dant‚
253 2827 289 2888 ut
316 2823 517 2908 imperatores
540 2826 667 2907 sumptu
695 2827 819 2906 publico
849 2826 963 2890 merito
985 2844 1053 2889 eam
1075 2823 1258 2905 religionem

124 2909 263 2991 privasse
286 2910 404 2989 dicant,
437 2930 514 2993 quae
536 2911 637 2975 aliena
658 2914 748 2975 esset,
794 2911 1047 2992 Rempublicam,
1076 2908 1194 2989 inquit,
1219 2908 1257 2972 dc

112 2994 259 3079 singulis
281 2996 420 3060 constare
441 2997 473 3060 et
494 2996 575 3079 quod
600 2996 639 3058 ab
656 3014 691 3060 ea
711 2996 954 3077 proficisceretur
969 3014 1075 3060 rursus
1098 2994 1257 3075 proprium

30 3090 31 3095 ’
125 3080 320 3164 singulorum
343 3080 421 3146 ficri.
466 3082 690 3162 Imperatorum
713 3100 794 3157 csse,
828 3083 865 3145 ut
891 3100 962 3145 cum
991 3079 1095 3145 omnia
1115 3078 1258 3162 regerent

126 3185 218 3231 suum
244 3165 353 3247 cuique
376 3169 550 3242 servarent,
585 3166 616 3230 et
647 3185 724 3247 quae
758 3169 797 3230 ab
831 3165 924 3230 initio
946 3166 1093 3230 beneficia
1115 3163 1256 3238 fuissent,

91 3318 93 3321 ,
125 3270 183 3315 111
217 3253 310 3333 atque
339 3251 440 3315 aetate
473 3251 577 3316 debita
609 3251 683 3316 fieri.
728 3254 838 3333 ltaque
866 3253 1047 3334 imperator,
1081 3256 1117 3314 ut
1150 3267 1257 3313 omnes

125 3337 226 3400 111111
248 3354 343 3417 aeque
366 3335 555 3416 defenderet,
578 3337 623 3400 eis
645 3336 800 3418 imprimis
823 3340 1023 3420 prospiceret,
1054 3336 1108 3417 qui
1130 3323 1258 3399 maiori-

126 3422 183 3486 bus
207 3419 371 3503 aliquando
396 3421 547 3502 praesidio
577 3421 717 3486 fuissent.
763 3423 804 3485 Et
827 3421 971 3486 Gratiani
999 3426 1131 3485 mortem
1158 3420 1257 3484 attin-

126 3524 216 3590 gens,
241 3507 294 3587 qui
316 3506 382 3569 filio
405 3525 466 3570 non
489 3505 760 3590 relictoindeoore
781 3507 937 3588 periisset,
961 3509 1041 3570 banc
1063 3506 1150 3570 addit
1172 3505 1258 3569 clau·

126 3590 244 3655 sulam:
279 3591 377 3669 ,Eum
405 3592 592 3674 religionum
621 3594 740 3656 statum
768 3593 918 3675 petimus,
953 3593 1006 3673 qui
1033 3592 1104 3655 divo
1133 3589 1257 3672 parenti

126 3674 273 3741 culminis
296 3676 390 3740 vestri
414 3676 550 3743 11111111
571 3677 745 3758 imperium,
771 3679 823 3759 qui
846 3678 1003 3743 fortunato
1023 3676 1155 3758 principi
1178 3674 1258 3757 legi-

125 3761 219 3825 timos
242 3761 363 3825 suffecit
384 3761 520 3826 heredes.
565 3761 690 3843 Spectat
723 3765 823 3828 senior
857 3762 911 3826 ille
942 3763 1031 3827 divus
1060 3781 1095 3826 11
1123 3778 1191 3824 arce
1213 3760 1257 3824 si·

126 3844 222 3934 dorca¹
237 3845 381 3910 lacrimas
405 3849 598 3912 sacerdotum
621 3852 651 3913 ct
674 3867 705 3912 se
729 3849 887 3930 culpatum
910 3848 1002 3929 putat
1023 3866 1107 3913 more
1129 3846 1256 3920 violato,

118 3948 220 4012 duem
240 3931 374 3995 libenter
395 3932 461 4014 ipse
482 3932 627 3997 servarit.
657 3933 819 3998 Praestate
836 3934 931 4009 etiam
947 3934 1018 3998 divo
1041 3933 1133 3997 fratri
1155 3932 1257 3995 restro

126 4015 221 4080 alieni
244 4017 364 4081 consilii
387 4017 619 4094 correctionem,
651 4019 750 4101 tegite
772 4020 909 4096 factum,
940 4018 1020 4101 quod
1048 4018 1169 4083 senatui
1192 4016 1258 4080 dis·

126 4100 271 4182 plicuisse
301 4101 442 4168 11111111.
487 4099 519 4167 Si
554 4104 679 4185 quidem
711 4106 846 4181 constat,
881 4105 950 4170 ideo
978 4104 1134 4169 exclusam
1171 4102 1258 4184 lega·

126 4185 252 4264 tionem,
276 4206 314 4251 ne
334 4188 375 4252 ad
397 4207 468 4251 eum
490 4187 640 4252 iudicium
662 4189 824 4272 publicum
838 4190 1021 4271 perveniret.
1065 4189 1126 4252 Pro
1149 4187 1257 4253 111111-

113 4269 258 4334 matione
283 4273 335 4335 est
360 4273 534 4355 temporum
564 4274 776 4357 superiorum,
808 4279 932 4340 utnon
955 4274 1108 4340 dubitetis
1128 4274 1265 4348 abolere,

96 4355 186 4433 quod
199 4357 409 4436 probandum
433 4363 495 4444 est,
517 4362 679 4452 principis
702 4383 768 4431 non
788 4360 919 4431 tuisse.l
1056 4377 1064 4384 ·
1092 4361 1100 4377 ·
