2700 4582
136 111 178 181 34

135 297 256 364 utinam
279 303 368 364 esset.
413 299 457 365 At
479 299 666 365 contrarium
695 318 791 382 paene
813 301 936 366 accidit.
975 301 1056 366 Nam
1078 302 1176 367 maior
1198 303 1264 383 epi-

135 386 285 450 stolarum
310 403 454 484 numerus
469 385 593 487 tantum
616 387 716 487 abest,
735 389 772 452 ut
794 389 967 470 temporum
989 389 1176 472 gravitatem
1197 406 1263 468 per-

134 471 1263 642 1111111111111111111111111111

133 645 288 727 praetura,
311 644 391 709 aliae
414 645 621 726 querimonias
644 645 806 711 continent
833 645 871 708 de
892 644 976 710 mala
998 646 1185 724 valetudine,
1210 666 1262 710 er·

134 730 306 795 cusationes
322 730 510 813 negligentis
525 731 681 813 simulque
700 730 920 814 promissiones
936 729 1149 812 frequentioris
1165 734 1261 815 scrip-

133 818 220 881 turae
243 817 274 880 et
295 816 358 879 alia
380 815 412 879 id
434 834 542 899 genus.
587 817 658 899 Ipse
680 816 881 900 Symmachus
906 816 1030 880 litteras
1058 817 1144 883 omni
1166 835 1257 900 argu-

132 903 310 966 mentorum
339 900 492 983 gravitate
519 905 657 967 carentes
687 901 892 984 conqueritur,
926 920 997 966 cum
1020 901 1128 966 scribit
1150 901 1211 986 (ep.
1229 904 1259 982 3,

134 987 204 1069 10):
231 987 398 1068 ,Expectas
421 1005 439 1050 a
461 1006 510 1052 me
531 987 655 1053 litteras
677 989 885 1070 largiores...
915 988 968 1051 sed
991 985 1087 1051 velim
1107 986 1168 1052 tibi
1191 1008 1260 1054 ver·

132 1071 242 1137 borum
264 1073 382 1149 copiam
406 1071 575 1154 displicere.
618 1072 700 1137 Nam
722 1072 796 1154 quid
818 1073 905 1155 agat,
930 1090 989 1154 quo
1011 1090 1043 1136 se
1065 1073 1182 1152 vertat,
1206 1075 1260 1139 ubi

131 1160 312 1223 immoretur
327 1175 412 1222 casea
434 1157 523 1222 rebus
538 1158 666 1224 oratio.“
712 1158 749 1222 ld
772 1158 853 1223 certe
874 1176 1023 1240 perquam
1044 1157 1159 1221 mirum
1173 1159 1259 1224 vide·

131 1249 203 1309 atur
224 1243 354 1326 oportet.
398 1242 449 1307 An
477 1243 541 1307 ullo
573 1243 663 1308 modo
685 1242 855 1308 verisimile
884 1244 941 1320 est,
975 1243 1078 1306 virum
1101 1262 1181 1322 eum,
1206 1247 1259 1327 qui

131 1328 229 1412 quoad
252 1327 330 1393 11111
351 1326 522 1410 principem
545 1328 579 1393 in
595 1329 705 1394 senatu
728 1328 866 1393 obtinuit
880 1329 992 1406 locum,
1016 1328 1147 1393 summis
1162 1331 1257 1394 hono·

68 1437 81 1469 ;
129 1415 216 1480 ribus
238 1415 363 1480 functus
396 1414 452 1492 est,
486 1414 770 1496 praestantissimos
793 1414 880 1478 illius
903 1413 1015 1478 aetatis
1039 1414 1121 1479 viros
1144 1416 1257 1480 amicos

129 1499 248 1578 habuit,
272 1499 338 1582 ipse
360 1499 441 1564 inter
463 1499 633 1565 familiares
648 1499 869 1581 imperatorum
891 1499 1119 1578 numerabatur,
1142 1502 1175 1565 in
1191 1501 1256 1582 epi-

130 1585 230 1664 stolis,
254 1604 329 1668 quas
353 1584 392 1649 ad
408 1584 489 1649 viros
512 1584 573 1649 sibi
589 1602 712 1650 summa
733 1584 873 1649 amicitia
896 1584 1054 1648 devinctos
1076 1584 1256 1668 eosdemque

128 1671 363 1736 honestissimos
397 1670 492 1748 dedit,
524 1671 587 1736 alia
616 1688 693 1753 quae
726 1669 979 1735 commemoraret
1012 1687 1073 1732 non
1103 1670 1255 1745 habuisse,

128 1756 189 1821 nisi
210 1756 327 1820 malam
350 1755 563 1821 valetudinem
585 1775 674 1821 suam
696 1756 746 1819 uel
778 1774 881 1819 rerum
904 1754 941 1818 de
964 1754 1075 1836 quibus
1109 1755 1257 1820 scriberet

127 1842 326 1927 paucitatem.
371 1840 468 1920 Quid,
491 1843 573 1923 quod
595 1841 808 1905 celeberrimae
831 1840 1007 1921 petitionis,
1032 1858 1124 1921 quam
1146 1841 1256 1906 habuit

126 1947 181 2011 pro
203 1944 257 1992 ara
271 1926 436 2003 Victoriae,
460 1945 621 2009 perquam
643 1926 728 1991 totus
751 1928 904 1991 terrarum
927 1925 1008 1989 orbis
1032 1926 1183 1991 excitatus
1199 1930 1254 2000 est,

127 2013 174 2078 tot
197 2011 337 2094 epistolis
360 2030 397 2076 ne
423 2013 520 2076 semel
543 2012 667 2095 quidem
700 2011 774 2077 fecit
795 2010 995 2075 mentionem.
1041 2009 1138 2088 Adde,
1174 2011 1254 2094 quod

126 2099 247 2164 litterae
261 2116 324 2161 non
346 2097 385 2162 ad
406 2097 528 2180 ignotos
544 2097 693 2180 quosdam
715 2096 927 2173 homunculos,
952 2095 1005 2178 qui
1028 2096 1145 2161 nullius
1169 2097 1254 2162 vide·

126 2188 233 2249 rentur
255 2183 467 2260 auctoritatis,
496 2183 599 2263 misit,
623 2182 676 2247 sed
700 2182 738 2246 ad
762 2183 843 2247 viros
867 2180 1134 2263 splendidissimos
1167 2181 1199 2245 et
1220 2183 1252 2245 in

126 2268 252 2334 ciuitate
275 2268 498 2334 ornatissimos.
543 2271 594 2333 An
618 2268 685 2344 erit,
715 2267 768 2348 qui
791 2267 852 2330 sibi
874 2266 1066 2349 persuadeat,
1088 2267 1253 2342 Ausonios,

125 2354 347 2432 Praetextata,
363 2354 488 2431 Probos,
505 2352 660 2437 Syagrios,
676 2352 851 2429 Flavianos,
875 2352 1040 2434 llutropics
1054 2353 1132 2418 tales
1148 2351 1253 2429 fuisse,

125 2440 310 2523 quibuscum
325 2439 362 2503 dc
377 2439 451 2503 solis
467 2438 557 2504 rebus
575 2438 692 2520 exiguis
708 2439 800 2520 atque
813 2436 930 2501 vilibus
946 2436 1097 2520 ageretur.
1122 2438 1253 2503 Minime

125 2529 215 2591 certe.
245 2523 331 2603 Quod
345 2525 426 2588 unde
441 2525 559 2589 factum
581 2525 663 2589 esset
684 2543 754 2587 cum
774 2523 1030 2604 perquireremus,
1054 2524 1131 2588 duae
1146 2542 1252 2588 occur·

124 2611 234 2676 rebant
255 2628 370 2675 causae.
416 2608 562 2674 Omnium
584 2610 720 2691 primum
744 2608 912 2673 monendus
936 2627 978 2686 es,
1006 2627 1043 2672 ne
1068 2609 1111 2673 eis
1135 2609 1251 2691 decipi·

124 2698 195 2776 aris,
218 2715 296 2780 quae
312 2693 464 2760 habentur
486 2696 519 2758 in
536 2695 665 2776 epistola
681 2694 721 2758 ad
737 2692 924 2760 Flavianum
938 2693 1035 2757 missa
1052 2696 1110 2774 (ep.
1128 2695 1158 2772 2,
1176 2695 1247 2773 35):

126 2781 310 2867 ,Quousque
333 2781 415 2845 enim
437 2780 555 2845 dandae
577 2799 612 2845 ac
635 2779 804 2844 reddendae
832 2779 1029 2843 salutationis
1054 2779 1146 2844 verba
1168 2777 1251 2842 blat-

123 2867 304 2944 terabimus,
327 2884 398 2930 oum
412 2865 474 2928 alia
487 2865 559 2930 stilo
574 2865 705 2930 materia
720 2881 781 2927 non
798 2864 966 2946 suppetat?
988 2865 1033 2928 At
1048 2864 1124 2928 olim
1140 2882 1251 2945 paren-

123 2954 169 3016 tes
192 2952 287 3017 etiam
308 2950 426 3031 patriae
448 2951 580 3033 negotia,
616 2969 692 3032 quae
716 2967 797 3013 nunc
819 2952 952 3031 angusta
974 2948 1022 3014 vel
1057 2949 1144 3013 nulla
1167 2950 1250 3026 sunt,

123 3036 155 3101 in
177 3037 346 3101 familiares
376 3036 505 3119 paginas
539 3035 744 3100 conferebant.
790 3036 826 3098 Id
855 3033 927 3114 quia
948 3035 1045 3098 versis
1079 3033 1117 3098 ad
1151 3033 1250 3098 otium

123 3121 212 3186 rebus
246 3122 422 3197 omisimus,
457 3121 610 3201 captanda
643 3124 717 3186 sunt
753 3120 838 3183 nobis
873 3118 1055 3201 plerumque
1094 3119 1250 3183 intentata

122 3206 276 3272 scribendi
298 3205 432 3283 semina,
467 3224 543 3285 quac
573 3205 733 3271 fastidium
764 3204 906 3285 tergeant
938 3204 1132 3287 generalium
1162 3204 1249 3268 litte-

121 3290 254 3358 rarum.“
300 3289 383 3356 Nam
416 3292 452 3355 ut
487 3309 708 3372 nonnunquam
741 3290 816 3353 haec
847 3289 1001 3352 excusatio
1031 3289 1182 3366 valuerit,
1217 3290 1248 3352 in

121 3393 225 3442 omnes
248 3376 396 3457 epistolas
419 3378 500 3439 certe
530 3392 591 3439 non
622 3376 758 3439 cadebat.
802 3372 902 3437 Causa
932 3391 1057 3456 prorsus
1088 3374 1151 3438 alia
1173 3377 1248 3439 erat.

121 3459 247 3540 Quoties
270 3480 317 3525 res
341 3459 491 3544 quaedam
514 3460 664 3543 gravioris
692 3460 844 3525 momenti
874 3459 1047 3523 nuntianda
1070 3460 1149 3537 erat,
1178 3476 1249 3540 pre·

58 3591 62 3595 -
120 3546 205 3628 priae
227 3547 385 3622 chartulae
407 3545 537 3610 seorsim
559 3546 708 3627 inscripta
730 3544 892 3610 tabellario
915 3545 1112 3623 tradebatur,
1136 3545 1190 3625 qui
1213 3546 1248 3607 ut

119 3633 175 3697 hos
198 3630 355 3697 codicillos
378 3631 501 3694 nonnisi
523 3631 584 3712 ipsi
613 3631 661 3694 illi
683 3629 833 3710 traderet,
857 3627 894 3691 ad
917 3630 1147 3709 quem'missus
1171 3628 1246 3705 erat,

119 3715 292 3792 iubebatur,
316 3715 471 3797 simulque
486 3715 514 3779 ei
529 3715 654 3780 litterae
677 3712 968 3791 committebantur,
993 3733 1070 3796 qnae
1088 3733 1136 3777 res
1152 3732 1246 3796 gene-

119 3802 198 3866 rales
220 3802 311 3865 modo
333 3800 370 3864 de
391 3799 570 3866 valetudine
597 3802 628 3865 ct
650 3818 728 3883 quae
750 3799 812 3862 alia
834 3798 907 3862 sunt
936 3799 1003 3862 eius¹
1033 3799 1151 3882 generis
1175 3816 1246 3863 con·

119 3886 262 3951 tinebant
288 3895 319 3950 et
346 3887 383 3950 ut
410 3886 449 3950 ab
477 3886 621 3950 omnibus
649 3885 823 3967 legerentur
845 3883 1017 3948 destinatae
1040 3891 1141 3959 erant,
1175 3902 1244 3948 cum

119 3970 253 4036 codicilli
275 3969 334 4045 1111,
358 3988 433 4052 quos
455 3971 570 4051 priores
593 3971 747 4047 denotavi,
771 3969 824 4032 uni
847 3968 970 4033 tantum
992 3969 1114 4050 legendi
1129 3968 1245 4033 essent.

119 4057 168 4122 Ad
196 4073 252 4120 nos
285 4075 320 4120 er
342 4055 588 4139 Symmachianis
619 4055 759 4137 epistolis
787 4055 871 4118 solae
900 4053 962 4118 fere
994 4053 1152 4136 generales
1175 4072 1244 4136 per·

119 4139 282 4218 uenerunt,
306 4159 377 4206 cum
398 4140 499 4206 libelli
520 4141 586 4221 illi,
611 4141 722 4224 quibus
746 4141 888 4223 grauiora
916 4137 1166 4216 continebantur,
1192 4138 1243 4203 de·

50 4260 55 4267 -
96 4223 230 4371 plerdputrt
251 4226 328 4303 sint,
356 4224 437 4290 unde
459 4225 552 4292 facile
573 4226 655 4293 mira
675 4225 734 4290 illa
755 4224 957 4307 epistolarum
984 4224 1169 4306 simplicitas
1192 4241 1245 4288 er·

76 4315 107 4375 P
134 4320 171 4366 ea
225 4354 234 4371 .
