2700 4582
1182 133 1221 198 17

90 340 228 388 mensam
251 321 345 405 atque
367 320 614 387 interminatam.
646 322 756 404 Imago
780 322 847 385 erat
869 318 1027 385 Victoriae
1049 319 1222 403 gradientis

90 409 137 475 rel
160 408 365 484 advenientis,
389 426 467 490 quae
488 407 664 491 fingebatur
687 407 772 470 alata
792 425 886 488 ,pexo
902 405 985 470 crine
999 404 1116 489 vinage,
1141 406 1222 470 nudo

90 512 238 577 suspensa
270 495 347 576 pede
379 493 578 576 strophioque
612 490 766 567 recincta,
803 490 941 556 tumidas
973 489 1116 555 fluitante
1152 490 1224 556 sinu

88 578 202 644 vestita
224 577 378 661 papillas“
401 579 563 664 (Prudent.
591 577 624 640 in
653 576 770 661 Symm.
793 577 829 654 2,
864 577 930 659 36).
975 576 1042 639 Mos
1074 579 1140 640 erat
1170 595 1223 661 per

88 664 179 747 plura
208 665 350 741 saecula,
383 666 425 739 ut,
450 665 620 740 senatores,
654 664 818 745 postquam
848 661 1072 739 convenerunt,
1106 660 1140 724 in
1168 680 1222 726 ara

88 748 247 815 Victoriae
281 767 370 813 sacra
396 749 544 815 facerent.
589 746 667 812 Cum
696 765 767 812 vero
796 745 1043 811 Christianorum
1075 765 1222 812 numerus

89 837 120 900 et
144 835 242 900 honor
272 834 381 899 auctus
409 837 490 901 esset
519 835 611 916 atque
640 832 743 915 plures
770 832 803 896 in
831 833 975 897 senatum
1005 850 1124 913 quoque
1153 851 1222 914 per·

89 919 262 996 venissent,
297 937 391 1000 quam
424 920 531 1002 iniquo
566 919 669 982 animo
701 918 779 982 tales
813 917 996 982 cerimonias
1029 917 1160 981 tulerint
1192 918 1224 982 et

90 1005 278 1087 quantopere
300 1002 408 1068 offensi
430 1008 494 1070 sint
516 1004 607 1068 facile
628 1002 833 1085 intelligitur,
869 1021 940 1068 oum
967 1003 1031 1067 iam
1059 1003 1094 1066 in
1117 1022 1223 1067 eorum

90 1091 229 1173 ipsorum
250 1089 421 1154 ludibrium
444 1109 499 1155 ara
521 1089 623 1170 posita
645 1090 677 1152 et
698 1106 788 1152 sacra
802 1087 869 1151 fieri
885 1088 1071 1153 viderentur.
1112 1089 1222 1170 Itaque

90 1194 125 1239 ex
152 1175 212 1238 hac
240 1173 306 1238 iam
334 1174 435 1241 aetate
466 1173 652 1256 saepissime
677 1192 713 1237 ac
742 1192 863 1238 summo
886 1193 956 1238 cum
986 1172 1093 1237 ardore
1119 1174 1224 1238 aetum

90 1261 137 1324 est
158 1260 196 1324 de
220 1276 274 1323 ara
288 1256 456 1336 Victoriae,
479 1262 584 1324 utrum
607 1259 856 1337 submoveretur,
880 1277 920 1322 an
943 1258 1169 1336 restitueretur,
1192 1260 1224 1324 et

90 1362 238 1429 quaeres
267 1343 358 1409 initio
386 1345 518 1410 minima
543 1344 727 1427 putabatur,
760 1344 843 1407 tanti
872 1345 957 1409 facta
987 1345 1035 1408 est
1062 1345 1222 1422 momenti,

90 1433 125 1495 ut
158 1448 212 1511 per
245 1447 315 1494 eam
347 1429 569 1512 imperatorum
592 1433 646 1493 aut
680 1430 719 1493 ad
742 1431 879 1494 veterem
912 1430 1032 1493 cultum
1059 1429 1223 1494 inclinatio

90 1519 145 1580 aut
167 1513 418 1580 Christianorum
439 1515 648 1599 patrocinium
671 1515 913 1598 cognosceretur.
948 1512 1119 1579 Christiani
1141 1516 1224 1580 idem

89 1601 282 1684 propositum
304 1601 430 1666 strenue
454 1621 573 1683 semper
594 1598 764 1682 persecuti,
796 1601 832 1663 ut
863 1618 950 1664 aram
976 1599 1111 1663 invitam
1132 1601 1224 1666 tolle·

90 1688 168 1762 rent,
192 1684 395 1767 imperatores
417 1687 557 1768 precibus
581 1685 732 1750 adierunt.
756 1685 872 1763 Primo,
897 1685 978 1768 quod
994 1683 1091 1748 sciam
1106 1703 1133 1748 a.
1151 1686 1222 1751 357.

91 1789 145 1835 ara
174 1771 294 1836 remota
324 1773 371 1836 est
392 1771 570 1837 Constantii
599 1771 701 1848 iussu,
737 1769 791 1852 qui
820 1789 890 1834 oum
920 1790 954 1835 eo
981 1788 1061 1834 anuo
1092 1771 1224 1835 Romam

91 1855 204 1921 viseret
232 1856 299 1919 eius
328 1859 455 1941 aspectu
483 1876 517 1921 se
545 1856 704 1938 inquinari
726 1859 757 1920 et
783 1855 882 1937 pollui
910 1857 1043 1938 putabat
1066 1855 1222 1938 (Ambrae.

91 1942 146 2023 Ep.
172 1941 222 2018 18,
246 1940 313 2021 32).
359 1942 506 2009 Julianus
529 1960 600 2008 vero
629 1941 675 2004 nil
703 1940 765 2005 fere
788 1941 947 2023 antiquius
969 1941 1095 2018 habuit,
1130 1959 1223 2023 quam

92 2028 128 2090 ut
150 2043 239 2090 aram
266 2026 453 2105 restitueret.
493 2025 735 2091 Valentinianus
764 2026 804 2103 I.‚
840 2045 1028 2108 quamquam
1057 2027 1224 2091 acerrimus

93 2111 124 2174 et
147 2111 436 2177 vehementissimus
460 2112 708 2178 Christianorum
731 2111 887 2190 defensor,
920 2130 1007 2177 aram
1032 2111 1138 2175 tamen
1162 2130 1225 2175 non

92 2195 237 2273 sustulit,
272 2199 325 2261 sed
354 2198 494 2279 reliquit,
529 2197 609 2280 quod
635 2196 819 2261 Ambrosius
848 2197 894 2261 ita
923 2197 1103 2278 explicavit,
1138 2196 1226 2278 quasi

93 2282 261 2363 imperator
283 2301 368 2347 aram
392 2284 495 2347 extare
511 2283 637 2347 omniuo
652 2282 832 2364 ignorasset.
861 2284 931 2346 Iam
947 2282 1110 2346 videbatur
1124 2282 1224 2345 omnis

51 2422 56 2429 .
92 2365 304 2431 dissensione
332 2387 421 2432 omne
445 2370 601 2433 certamen
624 2368 828 2448 diremptum,
858 2387 928 2432 cum
950 2368 1074 2448 repente
1096 2385 1149 2448 per
1171 2366 1225 2430 de·

93 2456 212 2516 cretum
234 2450 403 2517 Mediolani
425 2455 535 2519 datum
558 2454 726 2519 Gratianus
751 2471 838 2516 aram
860 2451 1010 2516 removeri
1032 2452 1135 2516 iussit.
1160 2451 1225 2532 Quo

94 2537 204 2601 nuntio
227 2540 351 2621 accepto
374 2541 531 2604 senatores
554 2539 661 2620 etqui
684 2536 740 2600 alii
767 2537 851 2600 idem
881 2556 952 2601 cum
980 2536 1025 2601 eis
1047 2537 1226 2600 sentiebant

93 2639 287 2704 summopere
310 2624 454 2704 perculsi,
479 2643 612 2706 quonam
636 2624 726 2687 modo
748 2641 802 2686 ara
824 2622 1049 2698 rest'tueretur‚
1073 2622 1224 2686 delibera-

93 2708 178 2773 bant.
208 2708 334 2772 Placuit
356 2710 487 2787 senatui,
510 2709 598 2773 mitti
622 2708 661 2772 ad
683 2707 902 2790 imperatorem
924 2707 1122 2789 legationem,
1147 2726 1225 2789 quae

94 2791 220 2876 singula
242 2795 405 2876 exponeret
427 2796 458 2859 et
479 2797 515 2858 ut
538 2813 591 2857 ara
613 2794 793 2857 redderetur
820 2795 945 2874 peteret.
990 2791 1047 2855 Cui
1077 2791 1225 2874 legationi

95 2878 163 2958 quis
186 2878 403 2960 praeficeretur
425 2879 554 2944 dubium
577 2898 638 2943 non
661 2880 737 2956 erat,
761 2897 830 2941 cum
853 2877 955 2959 gentis
978 2876 1137 2954 nobilitas,
1162 2878 1225 2942 elo-

58 3041 60 3046 4
95 2963 237 3044 quentiae
265 2963 350 3042 laus,
386 2965 482 3029 honor
511 2965 654 3047 publicus
684 2966 715 3027 et
742 2963 774 3027 in
806 2966 917 3025 senatu
944 2962 1112 3026 auctoritas
1136 2961 1225 3045 Sym-

95 3049 239 3112 machum
261 3068 358 3114 unum
381 3052 618 3115 commendaret.
664 3048 758 3114 Cuius
787 3047 832 3111 rei
861 3067 931 3112 cum
953 3066 1059 3112 rumor
1081 3048 1226 3131 divulga-

27 3142 28 3147 ’
94 3135 196 3211 retur,
219 3134 329 3214 primis
352 3134 437 3200 illius
460 3135 572 3199 aetatis
595 3132 755 3214 episeopis,
779 3133 915 3198 Damaso
935 3133 1071 3198 Romano
1094 3134 1126 3196 et
1147 3133 1225 3197 Am-

95 3217 197 3284 brasio
218 3218 463 3298 Mediolanensi,
491 3220 574 3284 omni
597 3219 688 3282 modo
711 3216 915 3281 obnitendum
938 3220 1115 3294 videbatur,
1151 3237 1226 3298 quo-

95 3303 200 3367 minus
231 3305 328 3388 legati
362 3324 439 3387 quae
469 3304 616 3372 volebant
651 3304 894 3384 assequerentur.
941 3303 1051 3386 Itaque
1083 3303 1227 3368 libellum

96 3388 204 3452 statim
227 3390 433 3471 compositum
455 3391 633 3470 imperatori
656 3388 848 3465 obtulerunt,
876 3407 936 3469 quo
959 3389 1099 3453 omnium
1121 3408 1226 3453 rerum

96 3473 268 3540 rationibus
291 3476 445 3539 conversis
469 3475 617 3538 maiorem
646 3475 824 3537 senatorum
853 3492 1017 3538 numerum
1040 3474 1227 3539 christianae

95 3558 240 3643 religioni
273 3560 412 3624 addictos
447 3562 478 3623 et
505 3559 700 3641 imperatoris
733 3558 869 3634 decreto,
904 3577 964 3640 quo
995 3577 1048 3623 ara
1071 3559 1227 3624 Victoriae

97 3644 279 3721 tollebatur,
307 3644 495 3709 laetissimos
517 3663 584 3708 esse
606 3645 774 3720 finxerunt,
806 3643 838 3708 id
861 3643 956 3708 simul
980 3644 1141 3720 addentes,
1174 3664 1226 3726 per

97 3730 214 3812 legatos
238 3747 299 3793 non
320 3730 416 3795 totius
439 3731 564 3795 senatus
588 3731 789 3805 voluntatem,
813 3728 867 3792 sed
890 3750 967 3812 quae
989 3731 1113 3812 pauculi
1136 3732 1226 3794 modo

96 3813 305 3879 desiderarent
326 3814 506 3898 significari.
551 3815 612 3879 Pro
635 3815 837 3890 auctoritate,
868 3834 928 3897 qua
952 3814 1133 3879 Ambrosius
1157 3834 1227 3879 cum

96 3897 222 3980 publiea
244 3898 414 3978 fruebatur,
438 3904 507 3965 tum
530 3900 611 3983 apud
634 3901 851 3981 imperatorem
873 3901 1019 3981 pollebat,
1043 3899 1117 3980 quid
1141 3901 1226 3964 lutu-

96 4002 166 4048 rum
190 3984 272 4049 esset
294 4004 355 4049 non
378 3987 514 4068 amplius
536 3986 602 4051 erat
624 3984 840 4063 dubitandum,
864 3990 897 4050 et
919 4008 966 4053 res
990 3983 1131 4049 inaudita
1154 4003 1227 4049 sane

98 4068 226 4146 accidit,
259 4071 296 4135 ut
318 4069 431 4154 legatis
460 4093 498 4138 ne
520 4073 624 4138 aditus
647 4071 771 4152 quidem
798 4071 836 4135 ad
858 4074 1077 4156 imperatorem
1098 4072 1228 4154 permit·

98 4155 230 4230 teretur,
264 4154 311 4221 ita
338 4158 374 4221 ut
399 4157 524 4224 infectis
551 4160 641 4225 rebus
665 4160 797 4224 Romam
824 4159 984 4229 redierint.
1027 4155 1135 4239 Neque
1157 4176 1231 4220 uero

99 4259 174 4307 cura
195 4243 249 4307 diu
270 4242 450 4312 intermissa
472 4248 529 4313 est.

140 4351 165 4392 L.
179 4350 245 4395 ra-e.
1159 4337 1188 4381 ἱ
