2700 4582
138 146 177 209 18

241 330 279 394 A.
304 328 376 393 384.
404 326 606 410 Symmachus
629 325 666 389 ad
689 326 877 409 dignitatem
899 326 1110 408 praefecturae
1131 328 1272 392 urbanae

139 416 329 496 pervenerat,
355 412 523 478 Gratianus
546 410 674 487 obierat,
697 412 862 495 imperium
885 411 1124 477 Valentinianus
1148 413 1191 479 ΙΙ.
1215 413 1273 476 ob·

138 501 292 575 tinuerat,
332 498 499 562 admodum
538 496 633 560 etiam
671 496 803 561 iuuenis.
856 498 925 561 Iam
962 495 1124 562 videbatur
1158 497 1271 581 petitio
1299 501 1305 514 ’

138 585 296 660 iteranda,
327 603 426 663 neque
449 600 519 660 vero
543 581 658 664 legatio
681 583 851 663 mittenda,
881 600 958 663 quae
981 599 1082 646 curam
1106 583 1181 666 qnid
1205 582 1272 649 uel·

137 671 203 734 lent
226 668 405 751 imperatori
428 671 600 748 exponeret,
625 668 678 731 sed
701 667 885 750 Symmacho
907 667 1068 749 negotium
1091 669 1200 735 datum
1222 669 1272 733 est

137 755 314 819 scribendae
336 753 510 835 petitionis,
540 770 618 834 quae
637 753 681 820 ,ad
704 755 808 816 aulam
831 751 1049 816 Valentiniani
1071 772 1126 836 per
1147 752 1270 838 legatos

136 840 307 904 deferretur
330 837 488 921 (Ambros.
512 839 585 901 obit.
598 837 669 900 Val.
696 839 759 917 19).
784 838 832 900 En
855 837 1086 902 celeberrimam
1108 839 1199 905 illam
1221 856 1271 902 re-

136 925 285 989 lationem
308 940 362 1004 pro
386 942 439 987 ara
462 923 633 999 Victoriae,
658 940 736 1003 quae
758 941 915 987 summam
937 922 1019 1004 apud
1041 942 1146 989 omnes
1170 922 1273 1003 movit

137 1011 390 1092 expectationem,
414 1009 542 1092 deorum
566 1008 738 1071 cultoribus
762 1009 880 1072 animos
902 1009 1037 1072 iacentes
1060 1009 1124 1072 iarn
1148 1009 1180 1072 et
1201 1026 1272 1072 om·

136 1097 227 1160 uibus
251 1095 401 1159 derebus
424 1093 622 1175 desperantes
646 1093 807 1172 excitarit,
833 1095 998 1174 eademque
1020 1091 1272 1158 Christianorum

136 1182 288 1262 impetum
318 1178 530 1242 vehementius
561 1177 707 1242 inflatum
736 1180 880 1243 sedatura
910 1178 1088 1257 videbatur,
1119 1179 1271 1242 ultimum

137 1266 199 1329 fere
222 1265 406 1346 exspirantis
436 1264 570 1327 Romani
601 1263 735 1327 nominis
763 1264 995 1340 documentum,
1032 1263 1157 1328 libellus
1185 1263 1267 1326 cele-

136 1351 288 1414 berrimus
328 1348 485 1412 communi
523 1348 662 1411 omniurn
703 1349 800 1412 etiam
833 1348 1078 1412 adversariorum
1118 1347 1269 1413 consensu

137 1437 263 1519 propter
284 1434 411 1516 linguae
433 1434 623 1515 singularem
646 1432 824 1497 facundiam
847 1436 878 1497 et
892 1434 1050 1517 insignem
1070 1432 1268 1518 elegantiam,

138 1519 391 1604 argumentorum
419 1520 609 1601 gravitatem
639 1519 669 1581 et
696 1517 902 1582 ratiocinandi
929 1520 1106 1583 accuratam
1133 1517 1270 1601 diligen·

136 1607 225 1682 tiam,
250 1604 434 1667 nobilitatus
459 1604 554 1668 etiam
577 1603 785 1687 exscriptoris
802 1604 1121 1686 ingenuahonestate,
1144 1620 1271 1668 summa

136 1709 258 1754 morum
280 1689 476 1774 integritate,
508 1689 619 1753 eximio
642 1690 760 1770 patriae
782 1691 813 1752 et
836 1689 1033 1771 antiquitatis
1057 1688 1176 1766 studio,
1203 1687 1270 1752 elo·

137 1775 279 1857 quentiae
301 1774 392 1838 laude
415 1775 499 1837 fama
521 1774 648 1838 illustri.
677 1774 868 1838 Etiamnunc
890 1781 941 1838 vix
965 1774 1034 1851 erit,
1058 1775 1111 1856 qui
1133 1772 1269 1857 pagellis

137 1862 208 1924 istis
237 1860 381 1942 perlectis
409 1877 471 1923 uon
498 1863 740 1935 commoveatur,
775 1878 845 1923 cum
877 1859 979 1922 videat
1006 1863 1038 1922 et
1065 1860 1163 1924 oculis
1193 1876 1268 1941 quo·

137 1945 301 2009 dammodo
325 1946 438 2020 cernat,
462 1946 496 2008 in
519 1946 637 2008 statum
659 1964 752 2025 quam
774 1944 925 2008 humilem
941 1945 1067 2009 redacta
1087 1944 1152 2008 sint
1166 1945 1269 2025 prisca

136 2031 243 2112 populi
256 2029 387 2094 Romani
410 2048 506 2107 sacra,
531 2048 607 2111 quae
622 2029 795 2113 privilegiis
812 2031 955 2094 omnibus
972 2029 1116 2112 deinceps
1133 2027 1266 2105 amissis,

139 2117 176 2179 ut
198 2116 354 2197 spiritum
366 2116 456 2179 modo
472 2120 580 2180 ducere
596 2115 657 2179 sibi
673 2115 765 2179 liceat
780 2115 1051 2197 potererideutur,
1075 2133 1145 2180 cum
1167 2113 1266 2179 auim-

140 2202 295 2276 advertat,
324 2219 386 2280 qua
414 2200 577 2264 maiestate
609 2200 719 2264 cedant
752 2206 783 2264 et
810 2201 976 2283 imperium
1005 2219 1062 2264 sua
1083 2198 1268 2265 fortitudine

142 2304 259 2366 suaque
281 2287 397 2349 virtute
420 2287 578 2349 conditum
601 2286 632 2350 et
656 2290 794 2364 auctum,
819 2305 873 2350 suo
897 2287 1050 2368 sauguine
1073 2285 1199 2366 suisque
1220 2283 1267 2349 la·

137 2371 262 2434 boribus
286 2371 325 2432 ad
347 2388 506 2434 summum
529 2370 645 2454 gloriae
666 2373 830 2455 fastigium
852 2372 969 2436 elatum
993 2389 1072 2438 noro
1096 2388 1179 2447 aevo,
1203 2369 1267 2434 dis·

137 2455 235 2519 simili
263 2453 415 2533 moribuS,
450 2456 571 2520 diverso
604 2452 784 2534 sententiis,
820 2457 935 2540 dispari
967 2456 1143 2521 hominibus
1170 2454 1267 2520 relin-

138 2541 245 2620 quant,
270 2540 366 2603 auimi
390 2559 461 2605 vero
477 2541 685 2624 granditatem
702 2546 733 2606 et
748 2541 915 2606 sublimem
931 2541 1129 2606 nobilitatem
1143 2559 1183 2604 ne
1197 2558 1268 2605 cum

59 2665 61 2669 -
139 2626 314 2690 moriuntur
336 2625 461 2705 quidem
484 2627 641 2691 amittant.

239 2711 371 2774 Exordio
394 2712 495 2776 utitur
506 2712 710 2794 Symmachus
734 2730 777 2789 eo,
801 2711 838 2775 ut
860 2714 996 2778 dolorem
1019 2729 1186 2788 summum,
1208 2728 1266 2795 quo

137 2796 297 2878 perculsus
327 2798 369 2859 sit
400 2798 541 2873 senatus,
575 2798 724 2882 designet.
771 2797 873 2861 Priori
900 2798 1050 2881 legationi
1080 2797 1201 2860 aditum
1229 2795 1267 2858 ad

138 2881 324 2945 Gratianum
346 2885 494 2965 negatum
517 2901 582 2946 esse
605 2884 643 2946 ab
665 2883 823 2964 improbis,
851 2883 904 2964 qui
927 2887 1044 2965 quauta
1067 2884 1148 2946 osset
1169 2881 1267 2962 impe·

137 2967 249 3031 ratoris
277 2966 401 3030 iustitia
428 2968 520 3048 probe
555 2969 780 3049 cognovissent.
826 2966 864 3032 Se
895 2968 1011 3052 duplici
1039 2966 1138 3032 officio
1163 2965 1266 3049 fungi,

137 3052 327 3133 praefectum
350 3070 428 3132 quae
449 3050 570 3133 publice
593 3056 681 3134 gesta
704 3055 806 3117 essent
828 3070 1002 3136 proponere,
1026 3052 1167 3136 legatum
1190 3067 1267 3132 quae

137 3137 218 3201 cives
241 3136 440 3200 mandassent
463 3138 685 3201 commendare.
717 3139 823 3219 Neque
846 3141 964 3203 curiam
986 3139 1051 3202 suis
1071 3137 1161 3202 modo
1184 3153 1267 3200 com-

137 3221 237 3285 modis
260 3223 389 3298 seruire,
418 3222 470 3286 sed
498 3240 533 3285 ex
562 3223 629 3285 eius
652 3222 756 3285 studio
778 3226 1014 3304 imperatoribus
1040 3240 1160 3305 quoque
1181 3239 1267 3286 sum-

137 3324 222 3370 mam
244 3306 414 3370 utilitatem
436 3308 622 3383 redundare,
646 3306 757 3388 quippo
780 3309 834 3388 qui
855 3310 1026 3374 uberrimos
1048 3309 1122 3372 inde
1145 3304 1266 3390 capturi

137 3397 241 3455 essent
264 3393 397 3470 fruetus,
426 3411 497 3457 cum
524 3410 601 3475 quae
624 3392 755 3456 maiores
782 3394 816 3454 in
845 3394 970 3458 civitate
991 3394 1203 3458 instituissent
1224 3389 1268 3454 le·

137 3477 287 3558 gibusque
310 3477 501 3554 firmassent,
536 3479 791 3541 conservarentur
814 3481 906 3559 atque
927 3479 1180 3556 defenderentur,
1211 3493 1267 3559 pa·

137 3562 276 3642 iriaeque
299 3564 431 3646 gloriam
453 3581 486 3626 eo
510 3563 574 3626 fore
597 3563 773 3640 clariorem,
809 3581 868 3643 quo
889 3565 991 3647 magis
1014 3565 1186 3648 principes,
1221 3561 1267 3625 nil

137 3649 199 3712 sibi
228 3654 333 3711 contra
360 3665 478 3711 morem
506 3652 672 3728 parentum
701 3647 792 3712 licere
820 3650 1057 3714 intellexissent.
1102 3649 1267 3714 lulianum
1296 3680 1300 3684 -

137 3738 263 3816 patrum
285 3734 467 3797 cerimonias
496 3733 642 3811 coluisse,
666 3733 922 3798 Valentinianum
944 3735 968 3797 Ι.
998 3754 1058 3800 non
1088 3732 1266 3808 sustulisse;

139 3821 229 3882 nnius
251 3818 349 3901 igitur
371 3818 546 3882 imitaretur
573 3819 764 3900 exemplum,
799 3820 827 3882 si
853 3821 939 3885 illius
968 3820 1153 3884 seutentiam
1182 3819 1267 3905 sequi
1314 3825 1338 3897 Ἰ

139 3920 199 3965 non
223 3908 336 3985 posset.
360 3903 532 3983 Quemnam
553 3903 680 3968 tandem
703 3923 770 3968 esse
793 3907 895 3971 auimo
917 3907 964 3970 ita
979 3905 1119 3971 barbaris
1134 3901 1266 3977 addicto,

138 3993 174 4050 ut
196 3989 351 4053 Victoriae
373 4007 460 4052 aram
483 4009 544 4053 uon
566 3991 731 4070 requirat?
754 3990 943 4056 ltedderetur
966 4008 1038 4075 ergo
1062 3989 1182 4054 nomini
1203 3986 1266 4050 sal·

137 4079 203 4136 tem
224 4074 328 4153 honor,
353 4076 406 4156 qui
428 4075 549 4141 numini
571 4078 746 4158 negaretur.
785 4074 887 4154 ,Nam
909 4077 1029 4141 multa“
1055 4075 1158 4156 inquit
1176 4071 1268 4153 ,Vic-

138 4158 237 4222 toriae
258 4159 349 4225 debet
373 4165 542 4225 aeternitas
564 4164 722 4225 vostrast
745 4159 845 4226 adhuc
868 4164 958 4246 plura
980 4162 1114 4227 debebit.
1146 4157 1267 4225 Adver-

128 4246 243 4306 sentur
270 4246 356 4310 banc
376 4250 586 4330 potestatem,
622 4248 734 4333 quibus
765 4247 848 4313 nibil
873 4248 1001 4334 profuit.
1040 4247 1110 4309 Vos
1135 4244 1273 4307 amioum

102 4329 286 4418 ,W'llmplut
304 4336 528 4423 patrocinium
559 4337 662 4407 nolite
692 4335 848 4406 deserere.
894 4334 1028 4401 Cunctis
1052 4327 1202 4425 potentia
1221 4327 1293 4395 isto,
