2700 4582
116 54 159 120 26

6 316 8 321 1
116 241 363 325 scriptiunculas,
386 242 492 324 plures
515 242 648 324 quidem,
672 245 708 307 ut
722 242 858 311 iudicare
881 243 964 323 licet,
978 242 1166 328 ‘deperditas
1181 264 1245 313 esse

116 330 199 394 certe
227 347 287 393 non
317 328 411 392 nimis
440 329 588 393 dolemus.
634 329 684 392 Ad
715 347 769 392 nos
803 349 965 410 pervenere
994 331 1054 395 duo
1081 332 1245 399 Prudentii

114 413 188 478 libri
205 415 343 478 versibus
364 413 552 480 hexametris
568 413 601 477 in
617 415 836 496 Symmachum
859 415 976 499 scripti,
1000 416 1088 500 digni
1109 418 1244 497 omuino,

114 499 166 582 qui
182 499 335 581 legantur.
381 500 418 564 In
441 499 538 563 altero
561 498 668 564 libello
684 500 811 564 deorum
834 501 963 564 numina
984 501 1159 584 generatim
1181 523 1245 588 per-

115 588 221 665 censet,
240 587 329 666 poeta
352 585 549 664 christianus,
573 585 606 648 in
629 584 725 650 altero
749 588 848 666 ipsam
872 585 1049 670 Symmachi
1074 589 1245 654 orationem

113 670 174 736 sibi
200 670 446 754 redarguendam
479 670 649 751 proposuit.
696 669 803 751 Neque
831 690 901 736 vero
929 676 998 737 tum
1031 671 1182 739 ultimum
1209 675 1245 740 de

113 775 167 820 ara
189 755 345 820 Victoriae
373 759 479 820 actum
507 757 563 821 est.
607 756 771 819 Postulata
804 757 927 838 saepius
959 756 1092 839 repct'ta
1126 777 1246 842 semper

113 842 363 926 negligebantur,
387 842 474 908 velut
490 862 516 906 a.
533 842 606 907 388.
623 860 641 904 a
656 842 834 918 Theodosio,
850 862 877 906 a.
895 843 966 907 392.
983 844 1244 924 aValentinianm

113 946 173 1010 qua
196 926 233 990 de
255 947 287 990 re
311 927 379 1010 agit
394 928 537 993 Ambros.
555 946 600 1008 ep.
617 927 668 991 57.
692 928 724 991 et
746 926 899 1010 imprimis
911 927 1041 1010 Prosper
1056 929 1244 1012 Aquitanus‚

112 1031 273 1094 perquem
295 1012 449 1092 docemur,
474 1012 539 1077 cius
556 1031 675 1095 quoque
697 1012 868 1094 petitionis,
892 1032 969 1096 quae
984 1013 1023 1078 ad
1039 1014 1246 1080 Theodosium

112 1097 209 1163 missa
225 1098 281 1176 est,
305 1100 462 1163 auctorem
477 1097 574 1163 fuisse
590 1098 820 1181 Symmachum,
844 1119 976 1180 eumque
999 1099 1037 1163 ab
1060 1101 1246 1182 imperatore

112 1184 249 1267 graviter
264 1202 330 1247 6666
352 1185 508 1265 punitum,
533 1202 610 1265 quae
632 1201 688 1260 res,
711 1183 770 1247 uisi
790 1183 1097 1268 religiosissimorum
1118 1187 1244 1252 testium

112 1268 171 1333 fide
200 1267 382 1334 confirmata
412 1270 486 1348 erit,
516 1288 550 1334 co
580 1287 634 1334 nos
657 1268 782 1333 habebit
810 1271 909 1353 magis
937 1271 1129 1350 incredulos,
1163 1271 1244 1355 quod

112 1355 279 1419 maximam
307 1356 399 1436 atque
426 1355 588 1420 insolitam
610 1354 771 1420 Theodosii
798 1354 832 1418 in
861 1356 1080 1439 Symmachum
1109 1357 1244 1423 clemen-

111 1440 189 1505 tiam
212 1440 274 1504 iam
297 1441 449 1505 novimus.
495 1441 638 1507 Narratio
661 1440 735 1506 haec
756 1440 908 1522 Aquitani
930 1441 1060 1506 habetur
1081 1444 1115 1506 in
1138 1442 1244 1508 libello

112 1525 148 1588 de
170 1524 426 1607 promissionibus
451 1527 520 1606 Dei,
550 1528 637 1608 parte
660 1528 705 1607 3.,
734 1527 934 1608 promissione
963 1527 1031 1592 38.:
1062 1527 1244 1610 „Theodosii

112 1629 183 1674 vcro
215 1610 353 1695 religiosi
390 1612 541 1695 principis
570 1612 699 1694 imperio
731 1612 934 1689 periurium
967 1612 999 1677 et
1032 1611 1245 1678 Gaudentium

22 1765 25 1772 ,
68 1775 76 1780 ‚
111 1695 237 1761 comites
266 1697 371 1761 omnia
399 1698 516 1779 templa
552 1699 718 1780 expoliata,
758 1717 833 1779 quae
864 1716 944 1762 vana
971 1697 1139 1781 figmenta,
1174 1698 1244 1781 quis

111 1782 252 1845 nostrum
280 1784 473 1863 permittitur
503 1784 654 1866 ignorare.
698 1782 754 1847 Cui
778 1783 978 1866 Symmachus
1006 1782 1075 1862 1116,
1105 1783 1245 1849 mirabili

111 1867 231 1949 eloquio
254 1870 285 1931 61
314 1867 441 1932 scientia
470 1870 640 1948 praeditus,
668 1871 827 1950 praeconio
850 1869 979 1932 laudum
1000 1868 1034 1931 in
1063 1870 1244 1935 consistorio

110 1953 247 2029 recitato,
282 1953 392 2019 subtili
424 1954 499 2030 arte,
534 1971 593 2036 qua
622 1954 728 2031 valuit,
767 1973 852 2017 aram
881 1954 1034 2018 Victoriae
1067 1956 1100 2018 in
1134 1956 1243 2020 senatu

110 2038 235 2102 restitui
258 2038 426 2103 christiano
449 2041 485 2103 ut
507 2041 632 2102 noverat
654 2039 786 2120 principi
808 2041 975 2104 intimavit.
1015 2039 1113 2120 Quem
1134 2040 1243 2114 statim

110 2142 129 2188 a
151 2124 215 2187 suis
238 2124 413 2205 aspectibus
436 2124 561 2207 pulsum
583 2122 615 2187 in
638 2124 803 2188 centesimo
826 2125 929 2206 lapide
951 2125 1063 2192 rhedae
1084 2145 1146 2190 non
1162 2127 1242 2192 stra·

111 2210 161 2274 tae
184 2210 363 2291 impositum
386 2229 421 2275 ea
444 2210 493 2274 die
514 2228 639 2276 manere
661 2209 845 2293 praecepit.“

426 2413 471 2482 111.
496 2413 541 2482 lle
565 2413 750 2499 Symmachi
776 2415 921 2499 scriptis.

208 2554 286 2620 Cum
309 2555 409 2619 adhuc
431 2555 467 2618 de
494 2553 618 2636 publica
640 2553 819 2636 Symmachi
847 2555 912 2618 vita
945 2555 1108 2635 egerimus,
1142 2555 1241 2620 altera

107 2642 205 2706 restat
228 2660 299 2723 pars
321 2640 515 2717 absolvenda,
540 2659 618 2722 quae
641 2640 689 2704 est
703 2638 740 2702 de
762 2640 892 2702 summis
915 2638 1069 2716 laudibus,
1093 2658 1170 2721 quas
1186 2640 1241 2705 ille

30 2795 32 2801 ,
108 2727 315 2792 celeberrimis
331 2726 507 2790 litterarum
523 2726 634 2790 studiis
649 2725 807 2789 essecutus
831 2731 887 2788 est.
914 2723 1021 2805 Neque
1037 2724 1075 2788 ab
1091 2725 1239 2790 instituto

107 2813 213 2876 nostro
246 2813 368 2896 longius
403 2810 576 2880 aberraturi
609 2810 804 2887 videbamur,
842 2811 868 2873 61
902 2810 1024 2891 qualem
1062 2809 1241 2874 litterarum

107 2898 268 2962 habuisset
290 2916 394 2961 curam
417 2896 588 2978 quibusque
609 2896 784 2960 auctoribus
807 2894 944 2977 legendis
968 2895 1129 2977 ingenium
1152 2915 1241 2978 prae·

108 2977 337 3048 stantissimum
359 2983 492 3060 maxime
515 2981 707 3058 excoluisset,
732 2998 823 3063 quam
846 2980 1025 3045 brevissime
1047 2979 1114 3045 fieri
1136 2984 1242 3062 posset

106 3068 338 3149 inquireremus.
383 3068 499 3131 Morbis
521 3084 591 3130 cum
606 3066 828 3149 frequentibus,
852 3065 1006 3147 imprimis
1021 3065 1135 3146 pedum
1152 3066 1237 3131 dolo·

107 3154 200 3234 ribus,
224 3156 387 3235 quominus
411 3152 544 3234 publicis
568 3171 687 3233 semper
701 3152 791 3215 rebus
806 3168 931 3231 operam
954 3150 1050 3230 daret,
1072 3150 1239 3232 impedire-

107 3239 158 3302 tur
180 3240 212 3304 et
234 3244 344 3306 natura
375 3240 444 3320 ipsa
477 3238 637 3302 advitam
670 3237 768 3318 magis
803 3236 988 3300 familiarem
1010 3237 1042 3300 61
1075 3238 1239 3315 rusticam,

108 3343 200 3406 quam
222 3326 378 3407 publicam
401 3325 432 3387 61
454 3323 608 3386 forensem
630 3322 809 3399 inclinaret,
834 3322 986 3404 quantum
1009 3323 1036 3385 ei
1064 3323 1241 3404 respublica

106 3409 163 3474 otii
195 3411 304 3474 tribuit
337 3410 376 3474 ad
405 3408 582 3473 discendam
614 3408 832 3489 antiquitatem
865 3406 1008 3471 contulit.
1052 3407 1120 3472 lam
1153 3409 1239 3473 totus

106 3497 229 3559 animus
262 3495 301 3558 ad
323 3496 491 3576 priscorum
514 3496 687 3575 temporum
711 3492 1005 3575 contemplationem
1028 3492 1246 3571 revocabatur,

106 3600 142 3646 ex
165 3599 295 3663 quorum
328 3578 490 3660 disciplina
523 3579 556 3643 et
592 3580 727 3642 remedia
759 3580 872 3658 petivit
901 3580 940 3643 ad
973 3578 1109 3659 plurima
1141 3597 1240 3644 novae

106 3668 217 3732 aetatis
239 3666 322 3729 mala
344 3665 523 3745 perferenda
546 3666 577 3728 61
600 3667 693 3745 vires,
717 3665 834 3744 quoties
858 3665 1087 3741 evanescerent,
1118 3682 1240 3745 semper

106 3752 233 3828 refecit;
257 3750 396 3833 legendis
418 3750 502 3813 enim
519 3751 659 3814 veterum
682 3749 804 3830 scriptis
820 3749 962 3812 homines
989 3749 1114 3826 ,contra
1135 3750 1240 3814 omnia

106 3836 247 3901 fortunae
263 3837 327 3900 tcla
342 3835 477 3899 firmari“
504 3835 569 3917 ipse
591 3833 717 3914 scripsit
739 3852 785 3914 ep.
803 3835 832 3913 9,
858 3835 929 3898 123.
954 3836 1054 3915 Quam
1068 3833 1160 3916 pauci
1175 3835 1238 3899 iam
1301 3846 1303 3852 ⁴

65 3965 67 3971 -
106 3922 174 3986 tum
196 3922 326 4001 fuerint,
359 3920 411 4004 qui
446 3938 481 3985 eo
505 3921 608 3983 animo
631 3920 669 3983 ad
693 3918 868 4003 lectionem⁴
884 3920 1022 3984 veterum
1050 3920 1239 3996 accederent,

105 4008 171 4087 ipse
193 4007 382 4071 lamentatur
405 4025 451 4087 cp.
477 4006 507 4083 3,
533 4005 586 4068 11:
614 4004 751 4086 „Itaque
774 4006 810 4068 ut
825 4005 889 4086 ipse
906 4022 1127 4086 nonnunquam
1149 4024 1238 4086 prae-

108 4091 201 4169 dicas,
227 4093 380 4172 spectator
399 4091 512 4156 veteris
535 4090 677 4154 monetae
694 4088 778 4152 solus
794 4108 964 4170 supersum,
988 4091 1105 4156 ceteros
1121 4090 1239 4156 deleni-

105 4178 212 4244 mentc
233 4176 355 4242 aurium
377 4177 532 4258 septunce
579 4175 686 4258 Neque
707 4173 790 4238 intra
812 4176 991 4240 Latinorum
1013 4174 1091 4240 fines
1114 4194 1146 4239 se
1168 4195 1251 4260 con-q

94 4262 232 4338 thahat,
257 4261 318 4324 sed
339 4263 475 4330 Graecos
499 4281 623 4348 quoque
644 4261 725 4327 bene
748 4259 874 4336 calluit,
895 4277 1031 4340 quorum
1045 4259 1086 4321 'm
1105 4260 1247 4335 aqistohs
