2700 4582
114 141 155 204 10

215 328 261 394 At
281 328 315 393 in
337 327 461 412 magnis
484 327 534 394 his
557 327 678 393 divitiis
709 327 740 392 et
762 328 849 394 varia
870 327 1067 409 praediorum
1090 327 1242 394 amoenis·

113 415 263 482 simorum
285 414 480 480 iucunditate
502 431 564 478 non
592 414 679 478 deses
702 415 825 495 tempus
854 413 957 492 trivit,
991 415 1044 479 sed
1066 413 1242 478 litterarum

113 500 227 568 studiis
250 501 415 582 occupatus
437 499 559 582 publice
582 499 677 564 etiam
701 519 779 582 quae
807 499 989 564 eveniebant
1010 501 1147 564 maxima
1169 519 1242 564 cura

111 588 286 669 persecutus
319 587 379 660 est;
412 604 541 667 cumque
574 586 648 650 urbs
677 585 817 650 Romana
849 584 931 648 fame
959 585 1049 668 gravi
1077 585 1241 663 laboravit,

111 673 176 738 toto
199 672 230 736 in
254 690 322 735 earn
346 670 450 736 animo
474 688 620 736 converso
642 671 761 735 malum
784 669 943 754 publicum
966 688 1158 752 summopere
1181 670 1241 734 sibi

110 757 195 822 cordi
218 776 284 822 csse
307 755 465 838 6166111666
485 756 628 840 plurimis
651 756 765 821 litteris
788 773 823 819 ea
840 756 877 820 de
892 775 924 820 re
939 755 978 819 ad
994 756 1109 822 amicos
1124 755 1240 833 missis,

109 845 140 909 et
171 861 210 906 ne
237 843 271 905 16
300 841 477 907 calamitate
506 842 627 924 ingenti
656 841 726 906 urbi
753 841 886 920 deesset,
920 842 1030 923 sponte
1057 841 1090 906 in
1118 861 1188 907 eam
1210 860 1241 906 se

109 927 250 994 contulit.
294 926 429 992 Uxorem
461 927 571 992 habuit
603 927 820 991 Rusticianam
854 927 914 1008 (ep.
951 928 1012 1004 10,
1040 927 1096 1006 54;
1136 927 1240 992 Sidon.

107 1012 247 1097 Apollin.
272 1031 317 1096 ep.
342 1014 372 1094 2,
397 1011 466 1094 10),
488 1012 589 1077 filium
612 1012 648 1092 Q.
672 1013 816 1078 Flavium
838 1012 1025 1078 Memmium
1047 1012 1182 1090 unicum,
1205 1015 1241 1076 ut

108 1100 176 1181 ipse
198 1097 354 1182 significat
376 1117 422 1180 ep.
446 1100 481 1177 5,
515 1097 572 1176 68,
607 1116 698 1179 quem
724 1097 906 1181 „parvulum
929 1099 1050 1179 suum“,
1079 1097 1238 1162 6166161-

109 1183 197 1250 navit
229 1185 293 1249 iam
326 1184 399 1247 natu
428 1183 577 1266 grandem
611 1183 642 1248 et
664 1184 834 1264 'praeturae
867 1184 1081 1260 candidatum,
1116 1201 1238 1248 summo

108 1287 211 1335 amore
235 1271 392 1351 amplexus
421 1269 468 1333 est
491 1268 596 1333 tcur
618 1267 811 1333 instituendo
836 1269 927 1350 atque
950 1268 988 1333 ad
1011 1268 1163 1350 optimam
1185 1269 1240 1332 lit·

96 1355 246 1419 terarum
268 1352 467 1435 disciplinam
489 1353 654 1419 erudiendo
678 1353 837 1418 assiduam
860 1353 891 1417 et
905 1353 1094 1418 indefessam
1116 1371 1240 1436 operam

107 1439 193 1504 dedit
216 1435 276 1525 (ep
301 1439 320 1502 6
326 1436 430 1536 ,61);
458 1438 525 1520 ipse
548 1458 618 1504 curn
641 1457 712 1502 eum
734 1438 857 1504 litteras
880 1456 1007 1520 graecas
1036 1439 1157 1504 doceret
1179 1438 1240 1503 sibi

105 1543 315 1622 repuerascere
337 1523 422 1589 11666
445 1524 493 1588 661
517 1523 597 1608 (epp
620 1524 651 1601 4,
675 1524 730 1600 20;
755 1525 784 1599 8,
809 1521 875 1604 69).

208 1609 285 1674 Ant
261 1614 366 1692 trquus
383 1609 491 1673 61666
473 1611 564 1692 61666
579 1573 772 1673 16166616666
792 1609 874 1692 apud
888 1608 1043 1674 Romanos
1059 1628 1131 1673 usus
1153 1609 1240 1673 ludo-

105 1715 175 1760 rum
199 1695 408 1773 sollemnium,
432 1696 463 1758 et
432 1713 545 1777 equo
567 1694 669 1777 magis
692 1693 1240 1845 666166661661666166616611661-

105 1781 268 1866 tinguebat
269 1800 306 1844 ur
321 1799 355 1845 eo
369 1779 581 1846 vehementius
597 1779 629 1842 id
646 1780 784 1844 studium
800 1781 923 1845 exarsit
940 1780 1239 1862 06666661666166-

8 1920 10 1925 ,
105 1869 198 1945 66166,
222 1866 363 1932 66666166
378 1866 468 1930 ludos
485 1865 631 1963 scenicos,
652 1864 812 1944 circenses,
837 1865 1113 1949 amphitheatrales
1121 1865 1240 1966 populo

105 1953 221 2017 dabant
236 1971 271 2016 er
287 1950 438 2034 antiquo'
429 1950 542 2016 rnstitu
481 1949 585 2014 trtu.to
609 1913 762 2015 066666
691 1951 762 2014 6666
763 1951 834 2016 1666
849 1969 919 2015 1616
936 1953 1129 2034 omnesqui
1150 1970 1238 2015 sena-

105 2039 187 2103 tores
200 2039 303 2103 essent
319 2055 454 2120 quosque
468 2037 630 2117 praeturae
643 2035 828 2101 destinasset
841 2035 880 2101 ad
895 2036 983 2101 ludos
996 2037 1127 2102 edendos
1140 2037 1240 2120 coegit

104 2124 232 2227 primus,
255 2122 368 2204 quade
391 2140 423 2184 re
439 2121 587 2187 videndus
609 2121 656 2186 est
670 2120 811 2188 Zosimus
833 2124 863 2201 2,
887 2122 944 2188 38:
970 2114 1099 2230 ,6166λό6
1086 2145 1181 2224 616166
1202 2121 1239 2186 δὲ

104 2205 158 2272 καὶ
173 2231 292 2284 τοις
257 2205 292 2272 ἑ
306 2206 442 2308 rope
419 2230 440 2290 6
456 2197 543 2309 τύχῃ,
551 2206 740 2312 περινοῆσαι
755 2233 786 2272 τι
802 2171 984 2313 temperie,t
972 2228 1108 2272 εκαστον
1123 2203 1168 2307 εἱς
1182 2200 1240 2307 τὴν

103 2293 162 2395 epti
177 2288 360 2393 πραίτωρος
380 2230 503 2396 αὲίαΓ
488 2284 594 2358 ἐκάλει
609 2289 662 2356 καὶ
677 2316 734 2394 erp
708 2295 922 2401 116666λ6616
923 2317 989 2358 coca
1004 2299 1060 2378 τῆς
1074 2293 1168 2397 τιμῆς
1183 2284 1237 2378 616-

103 2370 197 2464 66666
229 2370 381 2485 precipicio
412 2369 532 2480 ump'per
565 2364 755 2480 11611616
781 2372 836 2444 οὖν
865 2319 945 2446 ἰδεῖν
972 2404 1036 2444 των
1064 2375 1110 2454 εἰς
1142 2379 1238 2444 τοῦτο

102 2462 302 2570 τεταγμένων
330 2458 492 2568 11111166
447 2487 575 2528 roverteo
606 2466 678 2540 ταῖς
710 2455 826 2530 πόλεσι
859 2458 960 2566 φυγὴν
991 2457 1145 2528 ἁπάντων
1184 2463 1238 2528 καὶ

103 2540 292 2651 ἀποδημίαν
319 2539 513 2655 ἅλλόφυλρν,
547 2546 612 2614 δέει
641 2555 699 2614 τοῦ
725 2543 792 2648 μὴ
798 2571 855 2614 σνν
882 2541 1021 2636 6111616161
1048 2556 1104 2633 τῆς
1127 2539 1238 2626 οὐσίας

103 2626 567 2804 111111111661111
579 2633 1237 2804 1111111111.1111111111

102 2805 209 2889 populi
243 2805 384 2870 studium
421 2805 514 2871 facile
547 2804 733 2872 conciliasse
770 2805 863 2888 plane
895 2805 1094 2888 intelligitur
1146 2805 1236 2888 Sym-

102 2890 230 2970 machus
253 2908 371 2973 quoque
394 2889 544 2974 singulari
568 2909 619 2954 666
644 2890 742 2969 661616
766 2909 876 2955 amore.
901 2889 999 2955 Iam
989 2908 1057 2972 1666
1079 2907 1150 2954 oum
1165 2909 1237 2954 oon-

103 2977 243 3041 sulatum
276 2976 400 3040 iniisset
435 2975 525 3046 ludos
553 2963 696 3056 publicos
725 2974 851 3040 dederat
858 2977 965 3075 '(.epp
989 2975 1026 3055 4,
1051 2976 1107 3058 606
1141 2977 1175 3052 7,
1199 2977 1235 3052 4,

103 3063 134 3141 1,
158 3062 193 3138 8;
216 3063 245 3138 9,
271 3061 385 3144 13066
369 3061 492 3126 etcum
515 3059 600 3124 filius
625 3060 795 3142 quaestoris
818 3061 969 3144 primum,
994 3062 1063 3125 1616
1086 3023 1236 3143 praetoris

102 3146 292 3231 dignitatem
315 3148 473 3213 assecutus
496 3145 577 3212 esset
606 3148 680 3228 quot
703 3145 757 3210 ille
780 3147 861 3213 curis
885 3146 1096 3224 afficiebatur,
1120 3148 1236 3228 quanto

102 3232 206 3298 studio
230 3232 495 3311 commovebatur,
520 3249 613 3314 quam
636 3249 758 3296 summo
782 3231 861 3296 arsit
884 3233 1004 3311 ardore,
1028 3232 1063 3295 ut
1086 3231 1237 3297 editiones

101 3317 210 3382 fierent
233 3315 418 3394 sollemnes,
443 3316 592 3394 celebres,
616 3315 800 3398 frequentes
825 3336 900 3399 quos
924 3336 986 3383 non
1010 3316 1089 3382 adiit
1112 3317 1237 3396 amicos,

101 3405 137 3467 ut
101 3421 244 3485 uopus
272 3401 433 3477 iuvarent,
469 3421 528 3483 quo
557 3418 617 3466 non
648 3402 791 3499 1666666
800 3402 831 3467 66
859 3402 1033 3469 familiares
1063 3402 1168 3481 misit,
1201 3404 1239 3470 ut

102 3487 213 3570 quibus
236 3505 312 3571 opus
340 3505 406 3552 esse
433 3486 590 3553 videretur
613 3487 719 3552 omnia
741 3489 973 3570 conquirerent,
1007 3507 1082 3572 quos
1105 3508 1166 3554 non
1189 3488 1239 3553 in·

103 3571 289 3649 vitavitu
269 3571 387 3653 utipsi
411 3571 617 3637 editionit
568 3592 601 3636 nr
603 3574 764 3639 tteressen
810 3574 896 3671 Quae
923 3594 971 3640 res
1000 3593 1070 3640 cum
1092 3573 1237 3655 plurimis

101 3657 241 3742 epistolis
262 3658 431 3740 peragatur
454 3659 485 3722 et
507 3677 542 3722 ea
565 3658 688 3742 quidem
711 3658 853 3743 diligent
844 3679 884 3740 ra,
908 3661 944 3726 ut
965 3660 1039 3743 quid
1054 3658 1113 3724 illa
1135 3661 1236 3725 aetate

101 3761 225 3809 necesse
248 3741 342 3806 fuerit
365 3743 405 3807 ad
427 3742 515 3808 ludos
538 3744 695 3828 splendide
718 3746 851 3810 edendos
875 3746 956 3811 61616
980 3745 1142 3828 appareat,
1174 3763 1235 3810 non

100 3829 147 3893 ita
169 3829 225 3893 abs
247 3846 280 3893 re
304 3846 369 3893 esse
393 3827 477 3894 videt
465 3835 529 3904 tur,
560 3829 618 3895 hoc
645 3832 711 3895 loeo
733 3830 891 3915 paulisper
912 3834 1045 3978 gradum
1074 3830 1182 3895 sistere
1204 3832 1235 3896 et

101 3912 247 3979 editionis
277 3932 439 3978 censuram
469 3933 568 3998 66616.
614 3915 728 3980 Toto'
719 3935 784 3981 ram
812 3935 892 3983 anno
922 3916 1009 3992 ant‚e
1044 3933 1138 3998 quam
1166 3916 1233 3982 ludi

100 3990 300 4098 ederentur
291 4019 335 4079 16,
371 4000 424 4084 661
458 4017 563 4065 661616
596 4019 703 4066 euram
737 4001 954 4100 susceperat
945 4021 979 4065 16
1008 4000 1234 4098 remotissimas

99 4083 275 4168 provincias
299 4104 334 4150 er
356 4085 534 4151 domesticis
557 4087 650 4168 atque
671 4085 882 4153 familiaribus
897 4085 1054 4166 mittebat,
1079 4085 1132 4168 qui
1153 4086 1234 4152 feras

100 4169 150 4237 vel
173 4189 252 4252 quae
276 4171 341 4236 aha
362 4171 407 4236 ibi
430 4171 634 4251 haberentur,
669 4191 747 4255 quae
769 4172 840 4237 usui
868 4172 985 4256 essent,
1020 4171 1235 4254 conquirerent

85 4255 125 4314 et
143 4257 304 4333 emerent,
338 4222 1233 4341 61111666,6606111161616611611616,61111161,61116-

39 4333 178 4455 ν11111166
142 4337 279 4466 11166
299 4340 473 4424 iuvarent,
513 4345 651 4428 bestias,
687 4342 715 4412 61
741 4343 860 4411 hiemis
887 4340 1132 4426 tempestatibus
1157 4343 1247 4406 navi-
