2700 4582
1226 139 1247 204 9

40 285 41 288 ¹
114 335 201 418 apud
221 335 392 405 cassiodor.
415 333 490 400 hiet.
511 304 586 418 trip.
609 336 639 415 9,
661 335 720 416 23,
743 332 907 415 Nicephor.
930 331 1053 399 callist.
1077 333 1148 398 eccl.
1173 329 1246 401 hist.

118 423 169 506 12,
192 423 249 501 21,
273 420 390 488 Socrat.
413 421 487 486 hist
511 420 585 487 eccl.
608 421 639 498 5,
669 421 710 485 14
731 420 762 485 ct
785 417 914 485 Suidam
935 437 961 483 s.
985 437 1013 483 v.
1036 413 1249 492 καθοσίωσις.

188 590 193 599 ,
220 523 424 610 Symmachus
440 541 638 606 quamquam,
661 524 698 588 ut
711 541 806 604 supra
820 521 1110 598 demonstravimus,
1133 537 1250 602 magna

118 609 200 695 apud
223 610 425 695 imperatores
447 609 577 675 florebat
600 609 799 686 auctoritate,
822 608 960 674 moribus
984 608 1090 671 tamen
1113 609 1181 669 erat
1203 604 1249 669 ita

117 696 266 781 integris,
295 695 332 760 ut
359 696 398 762 ab
427 695 512 760 omni
534 694 681 760 beneficio
704 713 766 758 non
795 694 878 759 iusto
901 693 1085 758 abhorreret.
1123 690 1250 755 Brevis-

118 782 218 848 simue
241 781 307 863 ipse
330 783 387 860 est,
411 781 464 863 qui
487 800 534 865 ep.
551 782 580 860 9,
605 781 645 846 88
668 778 801 864 ingenue
822 779 998 863 profitetur:
1025 777 1098 857 „diu
1113 776 1249 841 officium

118 865 272 939 scribendi
294 885 349 949 per
370 865 585 932 verecumdiam
609 865 733 946 distuli,
764 887 802 930 ne
824 865 859 929 in
881 865 953 929 aula
974 863 1111 947 pesitum
1133 860 1251 927 viderer

120 954 251 1031 ambire;
287 951 375 1017 cuius
403 952 504 1018 morbi
531 951 577 1016 ita
604 953 710 1017 crebra
740 953 788 1017 est
815 949 984 1030 affectatio,
1018 949 1055 1012 ut
1087 947 1250 1032 diligentes
1284 964 1288 972 ’

120 1037 360 1106 existimationis
382 1037 443 1104 uiri
464 1055 519 1123 pro
543 1038 653 1103 alienis
675 1037 763 1102 vitiis
786 1037 999 1129 erubescant“.

222 1142 340 1208 Officiis
362 1141 510 1226 publicis,
534 1142 645 1224 quibus
672 1142 816 1226 plurimis
844 1141 970 1206 functus
994 1141 1056 1217 est,
1092 1156 1153 1202 non
1176 1137 1251 1203 adeo

119 1227 363 1311 impediebatur,
398 1229 561 1293 uteorum
588 1229 670 1293 mole
698 1228 827 1292 obrutus
850 1227 965 1292 Romae
992 1243 1113 1307 semper
1134 1223 1251 1288 detine-

119 1315 215 1381 retur.
254 1313 383 1397 Quando
406 1312 488 1379 enim
511 1332 629 1396 cunque
654 1314 720 1378 fieri
742 1313 878 1399 peterat,
912 1312 948 1376 ut
975 1309 1096 1376 ecuris
1117 1307 1252 1391 publicis

119 1400 246 1466 vacaret
269 1399 365 1486 (quod
387 1398 506 1482 quoties
528 1399 647 1464 factum
669 1399 726 1479 sit,
757 1399 883 1481 quaevis
907 1397 1108 1481 epistularum
1131 1394 1253 1478 pagella

121 1484 270 1568 ostendit)
293 1506 347 1551 rus
376 1505 409 1550 se
436 1484 569 1550 cuntulit
591 1485 718 1567 eiusque
739 1485 860 1550 deliciis
887 1483 1110 1566 perfruebetur.
1154 1481 1253 1545 lunu-

121 1573 215 1637 meris
238 1571 316 1638 locis
338 1571 438 1636 vitam
462 1570 612 1636 rusticam
635 1573 667 1636 et
688 1569 820 1636 otiosam
842 1571 964 1648 laudat,
987 1567 1026 1632 of.
1050 1587 1118 1650 epp.
1140 1567 1170 1645 2,
1195 1567 1252 1644 22,

120 1660 155 1740 6,
178 1658 236 1734 62,
261 1656 295 1739 6,
320 1657 377 1739 70,
400 1656 435 1734 l,
458 1656 517 1739 27,
541 1657 574 1735 'l,
598 1657 654 1731 60,
683 1656 714 1721 et
736 1656 816 1738 ipse,
844 1675 953 1738 ,quem
976 1654 1164 1719 urbanarum
1186 1655 1253 1716 tae·

120 1742 190 1807 duit
217 1742 449 1808 molestiarum“
480 1741 538 1824 (ep.
563 1744 598 1821 6,
632 1742 704 1826 32),
738 1744 874 1808 maxima
901 1734 1061 1823 voluptate
1088 1740 1119 1803 et
1148 1737 1255 1803 exacta

119 1828 232 1911 peritia
255 1827 489 1909 delectationes,
525 1846 603 1910 quae
630 1828 695 1892 ruri
717 1827 943 1911 percipiantur,
978 1826 1076 1890 amico
1104 1822 1253 1907 depingit.

10 1937 13 1945 ·
119 1913 228 1996 Neque
249 1913 400 1979 honorum
423 1913 518 1979 nimis
548 1913 696 1996 appetens
724 1913 818 1979 fuisse
845 1913 982 1989 videtur,
1017 1930 1089 1975 uam
1117 1909 1255 1992 praefec-

120 2001 224 2065 turam
246 2002 397 2067 urbanam
419 2018 481 2064 non
503 1999 668 2081 ambierat,
702 2000 756 2064 sed
784 2001 822 2064 ab
850 1996 1091 2081 imperatoribus
1118 1995 1254 2060 oblatam

123 2086 283 2167 acceperat
306 2083 455 2167 (oppio,
478 2085 534 2162 22,
561 2085 610 2162 10,
635 2085 699 2168 23),
723 2085 815 2150 initio
838 2085 935 2150 etlam
949 2083 1167 2167 repudiaturus
1189 2081 1256 2146 erat

122 2170 182 2253 (ep.
207 2170 245 2248 2,
268 2170 339 2254 28),
373 2172 406 2234 et
436 2189 506 2235 curn
529 2169 747 2234 Praetextatus
777 2169 1013 2235 amantissimus
1041 2168 1184 2245 obiisset,
1218 2185 1255 2231 ea

122 2257 287 2320 causanti
317 2255 455 2333 volebat,
490 2258 526 2319 ut
548 2255 735 2338 magistratu
765 2275 797 2321 se
826 2254 985 2320 abdicaret
1013 2252 1072 2336 (ep.
1099 2254 1153 2330 10,
1188 2251 1254 2335 30).

121 2339 228 2406 Unum
251 2341 333 2405 certe
362 2340 396 2404 in
425 2359 460 2404 eo
487 2340 624 2416 miserie,
658 2342 836 2424 quodcum
864 2339 993 2406 divitiae
1021 2338 1256 2422 suppeditarent

121 2444 251 2507 magnae
280 2426 313 2490 et
341 2425 404 2491 otio
426 2426 578 2490 frueretur
601 2425 747 2492 diuturno
770 2444 929 2509 nunquam
956 2425 1068 2490 itinera
1097 2423 1255 2506 aliquanto

122 2510 241 2576 maiora
263 2511 346 2576 fecit.
379 2512 463 2576 Num
485 2511 512 2575 si
534 2513 697 2595 exceperis,
722 2530 800 2595 quae
822 2512 943 2576 iuvenis
966 2511 999 2576 in
1022 2509 1173 2575 comitatu
1195 2510 1256 2573 im-

87 2671 95 2679 .
121 2594 273 2678 paraturis
296 2597 378 2677 apud
400 2597 544 2660 Rhenum
566 2597 664 2681 gessit
691 2599 723 2662 et
751 2600 831 2680 quod
860 2598 970 2679 postea
995 2596 1099 2661 iussus
1129 2596 1167 2660 ab
1196 2595 1256 2659 im·

122 2681 319 2763 peratoribus
343 2681 508 2764 aliquoties
532 2681 743 2748 Mediolanum
769 2683 920 2759 excurrit,
954 2683 1056 2747 solum
1077 2681 1204 2746 Latium
1226 2682 1257 2744 et

123 2763 312 2848 Campaniae
335 2784 420 2832 oram
443 2767 697 2833 amoenissimam
712 2787 844 2850 eamque
860 2767 1098 2834 dilectissimam
1114 2767 1256 2848 frequen·

122 2849 207 2917 tibus
230 2851 405 2935 egressibus
428 2853 520 2930 risit,
550 2852 584 2917 in
606 2853 717 2934 quibus
746 2853 924 2938 regionibus
954 2853 1081 2935 praedia
1109 2854 1140 2916 et
1162 2851 1256 2916 villas

122 2935 234 3001 habuit
261 2937 413 3019 plurimas
442 2939 473 3002 et
500 2938 837 3022 magnificentissimas.
884 2939 1018 3023 Magnus
1051 2938 1085 3002 in
1114 2936 1256 3023 epistolis

123 3040 271 3088 numerus
292 3023 410 3104 passim
432 3025 643 3089 enumeratur.
678 3025 810 3090 Praedia
832 3025 943 3090 habuit
965 3025 1001 3088 ad
1025 3024 1157 3101 Baulos,
1181 3042 1256 3105 quos

124 3107 439 3189 ep.1,lrersibus
474 3109 624 3185 celebrat,
661 3109 699 3174 ad
733 3111 836 3175 lacum
859 3110 1027 3176 Lucrinum
1056 3110 1117 3194 (ep.
1143 3113 1177 3184 1,,
1214 3108 1256 3190 1),

123 3190 236 3274 quibus
260 3191 404 3278 adiungit
426 3195 520 3261 Baias
546 3194 578 3258 et
604 3196 749 3263 Puteolos
773 3196 853 3280 (epp.
879 3199 913 3275 1,
942 3197 978 3272 8,
1008 3197 1045 3273 2,
1076 3194 1133 3278 26,
1161 3196 1198 3273 6,
1222 3195 1257 3272 9,

123 3276 153 3354 6,
177 3277 249 3361 66);
272 3281 493 3344 commemorat
507 3279 690 3361 Capuanum
711 3282 900 3363 praetorium
924 3281 985 3366 (ep.
1005 3285 1032 3357 1,
1058 3282 1112 3355 10,
1136 3280 1166 3358 6,
1192 3279 1256 3363 11),

123 3362 281 3444 praeterea
302 3363 466 3446 praedium
487 3365 714 3431 Laurentinum
748 3371 829 3452 (epp.
852 3367 887 3441 4,
916 3367 974 3449 44,
1010 3368 1044 3444 7,
1072 3365 1141 3449 15),
1178 3365 1259 3446 quod

124 3446 220 3512 etiam
243 3449 415 3533 appellarit
439 3468 548 3534 agrum
571 3451 756 3516 lavinatum
781 3453 841 3535 (ep.
866 3452 895 3529 7,
918 3450 984 3536 26),
1009 3453 1077 3516 tum
1099 3470 1151 3516 rus
1167 3450 1258 3515 Vati-

123 3550 236 3597 canum
259 3534 341 3683 (epp.
365 3535 399 3614 6,
427 3535 486 3614 58,
521 3536 557 3614 l,
591 3536 663 3618 21),
700 3536 834 3602 alterum
857 3535 1000 3601 Ostiense
1030 3538 1110 3621 (epp.
1135 3537 1170 3614 2,
1200 3534 1257 3619 52,

123 3617 154 3697 6,
177 3618 235 3696 66,
258 3620 288 3698 6,
334 3619 377 3702 2),
400 3620 487 3684 uliud
501 3620 740 3687 Praenestinum
764 3622 844 3705 (epp.
869 3623 898 3700 7,
922 3624 979 3705 353
1003 3623 1032 3700 9,
1057 3623 1124 3705 83),
1147 3621 1258 3686 subur·

123 3703 241 3769 bunum
256 3704 435 3794 Arabianae
458 3707 538 3789 (epp.
557 3708 587 3786 2,
611 3709 668 3785 57,
693 3709 723 3786 6,
747 3707 811 3793 60),
835 3708 1047 3772 suburbanum
1063 3707 1257 3790 Spoletinum

124 3786 185 3872 (ep.
208 3787 244 3867 3,
270 3789 355 3875 13),Ι
369 3791 566 3856 Athenaeum
589 3811 679 3857 suum
702 3794 924 3858 commemorat
947 3793 1008 3877 (ep.
1033 3793 1068 3871 9,
1092 3791 1164 3874 89),
1189 3793 1258 3856 tum

123 3873 335 3972 suburbanum
357 3875 533 3960 praedium,
558 3877 639 3960 quod
665 3877 734 3943 vias
755 3879 876 3962 Appiae
903 3878 1024 3944 adiacet
1047 3878 1106 3960 (ep.
1130 3879 1165 3960 2,
1189 3876 1257 3965 59),

124 3956 265 4023 Tiberim
296 3961 453 4045 significat
481 3979 570 4028 aros
605 3982 677 4029 suos
708 3963 857 4049 perfluere
887 3963 948 4049 (ep.
972 3964 1006 4044 3,
1037 3963 1109 4043 82),
1145 3960 1257 4027 (iuraui

124 4041 222 4142 etiarn
243 4045 387 4111 meminit
409 4047 470 4129 (cp.
495 3981 525 4124 ἐξ,
549 4048 617 4131 61),
641 4067 711 4113 oum
726 4048 842 4115 Rornae
864 4049 996 4134 degebat
1017 4049 1050 4113 in
1074 4047 1177 4114 Coelio
1199 4048 1257 4114 ha·

108 4126 401 4226 ·b1tar1t(epp.3,
426 4132 482 4217 12,
515 4135 551 4213 3,
575 4135 632 4211 88,
666 4135 797 4221 7,18),
832 4153 922 4219 agros
944 4135 1107 4218 praetcrea
1122 4134 1273 4212 possess.

123 4230 158 4277 1n
179 4212 377 4282 Mauretania
400 4215 594 4287 Caesariensi
617 4219 682 4310 lep.
703 4221 746 4303 Ἰ,
773 4222 835 4308 bb)
861 4221 898 4286 et
912 4219 1038 4287 866666
1054 4217 1127 4298 leq.
1141 4217 1196 4286 b.
1211 4209 1305 4284 bib&

116 4296 235 4383 Romae
257 4300 346 4369 binas
368 4302 485 4372 habuit
509 4308 605 4379 aedes
629 4309 696 4403 (ep.
717 4311 756 4393 3,
775 4308 851 4395 idq.
