2700 4582
1194 101 1214 164 3

84 283 192 348 turum
217 281 340 365 pretiis,
368 281 480 365 quibus
508 282 718 366 sperabatur“.
762 285 800 349 id
822 283 969 350 accidisse
991 285 1075 350 filius
1099 304 1217 368 quoque

83 368 179 434 refert
199 368 291 434 initio
313 369 463 433 orationis
491 388 545 451 pro
568 369 716 454 Trygetio
740 369 880 451 habitae,
910 374 992 436 unde
1014 371 1214 455 intelligitur,

83 454 305 538 Symmachum
332 453 420 538 graui
447 455 505 520 hac
537 455 637 538 plebis
666 454 782 520 offensa
810 456 943 521 laesum·
964 476 1017 521 rus
1051 457 1218 522 decessisse

83 539 189 622 ibique
218 539 359 604 animum
387 539 566 605 litterarum
599 541 713 605 studiis
742 541 941 620 exhilarasso,
975 543 1118 607 senatum
1146 561 1217 607 vero

83 625 167 690 tanti
189 624 250 690 viri
271 625 446 691 absentiam
474 643 535 690 non
558 624 683 705 tulisse,
708 627 762 691 sed
786 645 923 692 summos
946 627 1218 708 nobilissimosque

83 710 166 793 viros
189 710 228 776 ad
250 729 321 776 cum
343 710 462 794 legatos
486 710 619 790 misisse,
644 711 697 795 qui
719 716 755 776 ut
771 712 902 779 Romam
917 712 1032 778 rediret
1054 733 1125 778 eum
1149 731 1218 777 exo-

82 798 198 881 rarent.
242 795 331 861 Idem
352 798 496 862 narratur
518 798 574 878 Ep.
599 798 628 876 1,
650 797 743 882 44²⁸).

186 899 232 963 Ex
254 897 304 976 iis,
327 915 404 980 quae
426 917 524 981 pauca
546 900 636 965 modo
658 901 784 981 protuli,
807 900 871 964 iam
895 900 1099 984 cognoscitur,
1122 900 1219 965 Aria-

85 982 174 1049 nium
202 983 423 1067 Symmachum
453 985 585 1066 publicis
613 985 781 1050 honoribus
815 986 946 1050 summis
979 990 1122 1051 ornatum
1156 1006 1217 1050 non

84 1069 187 1134 minus
209 1069 387 1134 litterarum
411 1069 512 1154 gloria
534 1070 726 1137 excelluisse.
748 1071 836 1135 Inter
858 1072 993 1136 oratores
1017 1073 1099 1136 certe
1121 1072 1216 1136 habe·

82 1156 175 1219 hatur
196 1154 424 1236 celeberrimus,
448 1172 636 1240 quamquam
659 1157 748 1222 nobis
764 1157 937 1221 accuratius
960 1159 994 1222 in
1015 1157 1048 1221 id
1063 1156 1217 1238 inquirere

83 1240 251 1322 nonlicet,
276 1241 544 1307 commotionum
571 1261 610 1307 ne
638 1242 813 1324 fragmenta
841 1242 966 1323 quidem
995 1243 1128 1306 minima
1150 1261 1216 1307 ser·

84 1327 158 1391 vata
179 1327 252 1392 sint.
296 1326 348 1391 Ad
370 1326 505 1409 reliquas
527 1327 703 1392 litterarum
726 1327 833 1392 laudes
854 1328 1057 1407 illustrandas
1080 1329 1215 1393 multum

82 1411 226 1477 iuvamur
247 1411 380 1495 epistola
394 1431 466 1491 una,
489 1431 582 1494 quam
598 1413 638 1478 ad
652 1412 754 1477 filium
774 1413 872 1491 misit,
896 1413 928 1477 et
948 1413 1117 1490 nonnullis,
1139 1431 1216 1494 quas

82 1496 166 1562 filius
194 1497 233 1561 ad
266 1516 338 1563 eum
364 1497 466 1577 dedit,
500 1516 578 1581 quae
611 1498 706 1564 etiam
734 1500 918 1580 superstites
947 1500 981 1562 in
1010 1499 1211 1580 epistolarum

82 1581 162 1647 libro
190 1583 291 1665 primo
319 1583 474 1648 habentur
496 1585 624 1666 primae.
661 1584 745 1649 Hinc
769 1585 995 1668 cognoscimus,
1019 1603 1090 1649 eum
1112 1584 1214 1647 otian-

82 1669 147 1733 tem
177 1670 239 1733 arti
265 1669 403 1751 poeticae
432 1687 551 1753 quoque
583 1682 708 1752 operam
735 1669 885 1748 dedisse,
903 1689 976 1735 nam
1009 1671 1043 1734 in
1071 1689 1118 1751 ep.
1143 1671 1171 1746 1,
1195 1669 1220 1732 2·

81 1753 157 1818 haec
187 1755 343 1820 habentur
364 1756 457 1820 uerba
490 1756 530 1819 ad
562 1755 664 1821 filium
700 1755 828 1836 scripta:
868 1755 1007 1834 „inveni,
1041 1756 1122 1836 quod
1149 1753 1215 1817 illis

80 1838 186 1923 libris,
210 1858 285 1923 quos
307 1858 405 1922 nuper
425 1840 628 1919 dictaveram,
657 1841 812 1922 possimus
834 1839 974 1905 adiicere.
1010 1840 1077 1906 Scis
1100 1840 1215 1904 Teren-

82 1925 174 2004 tium,
197 1943 259 1990 non
283 1927 444 2004 comicum,
468 1925 521 1991 sed
543 1926 711 1990 Reatinum
734 1926 826 1990 illum
848 1925 1005 1990 Romanae
1030 1924 1214 1989 eruditionis

81 2011 243 2092 parentem
271 2011 483 2078 hebdomadon
513 2010 609 2076 libros
640 2010 899 2094 epigrammatum
927 2011 1099 2075 adiectione
1132 2027 1214 2074 con-

81 2095 184 2161 diisse.
219 2095 304 2161 Illud
326 2114 396 2175 nos,
419 2097 446 2163 si
469 2098 533 2163 fors
556 2096 678 2175 tulerit,
703 2114 851 2162 conamur
872 2095 1023 2160 imitari‘.
1059 2096 1134 2159 Eius
1157 2112 1209 2176 ge-

82 2181 166 2246 neris
188 2180 415 2264 epigrammata
437 2182 580 2247 feruntur
602 2182 736 2264 quinque
758 2181 854 2248 etiam
881 2181 915 2245 in
943 2182 1050 2247 eadem
1079 2180 1210 2262 epistola

81 2265 258 2332 hexametro
280 2285 371 2332 vomu
394 2268 525 2333 exarata.
569 2267 684 2346 Quanti
706 2287 724 2332 a
746 2266 811 2331 filio
834 2269 936 2332 sactus
959 2267 1010 2346 sit,
1034 2265 1214 2332 documento

82 2354 157 2417 sunt
179 2353 274 2417 verba
294 2352 485 2418 laudabilius
506 2354 588 2418 certe
603 2371 697 2434 quam
713 2353 816 2418 uerius
833 2352 1004 2436 composita
1018 2351 1052 2416 in
1067 2371 1114 2433 ep.
1133 2352 1212 2428 1‚·3:

83 2437 192 2515 „Unus
214 2438 319 2502 aetate
341 2440 446 2503 nostra
469 2439 627 2502 monetam
649 2438 772 2504 latiaris
794 2438 907 2520 eloquii
931 2437 1075 2501 Tulliana
1103 2436 1213 2501 incude

81 2522 211 2589 finxisti.
249 2523 405 2606 Quicquid
427 2524 460 2588 in
482 2525 582 2607 poetis
604 2523 757 2605 lepidum,
786 2528 868 2607 apud
892 2525 1027 2588 oratores
1051 2541 1157 2606 grave,
1180 2521 1214 2584 in
1310 2573 1320 2581 ..

81 2609 246 2674 annalibus
269 2608 376 2691 fidele,
399 2609 481 2673 inter
503 2608 728 2693 grammaticos·
746 2609 899 2674 eruditam
922 2608 999 2688 suit,
1029 2609 1113 2672 solus
1135 2608 1213 2671 hau-

80 2693 166 2773 sisti,
200 2694 300 2759 iustus
329 2695 415 2760 heres
443 2695 581 2760 veterum
611 2695 789 2759 litteramm
819 2745 827 2760 .
851 2743 858 2759 .
882 2743 889 2759 .
915 2743 921 2757 .
946 2693 1085 2775 apprime
1118 2694 1212 2757 calles

81 2779 201 2863 epicam
223 2779 438 2861 disciplinam,
474 2799 535 2845 non
562 2779 666 2844 minus
693 2781 880 2864 pedestrem
894 2780 1010 2844 lituum
1032 2778 1139 2842 doctus
1165 2778 1211 2841 in-

79 2863 154 2929 flare
178 2913 186 2929 .
210 2912 218 2927 .
242 2914 248 2929 .
272 2865 380 2930 orandi
402 2884 497 2948 aeque
520 2883 651 2949 magnus
672 2867 704 2931 et
727 2865 886 2930 canendi“.
911 2865 956 2929 Dc
978 2863 1212 2947 epigrammatis

80 2950 157 3034 ipsis
178 2949 247 3034 agit
269 2969 315 3032 ep.
341 2953 370 3029 1,
393 2952 429 3016 4:
454 2950 619 3036 ,Studium
642 2951 766 3033 quidem
789 2950 948 3034 Menippei
970 2948 1116 3014 Varronis
1138 2949 1211 3011 imi-

80 3035 168 3113 taris,
190 3035 245 3100 sed
267 3036 366 3103 vincis
386 3036 558 3120 ingenium.
581 3035 665 3100 Nam
688 3055 765 3118 quae
787 3035 821 3098 in
844 3038 999 3100 nostrates
1015 3035 1096 3100 viros
1116 3051 1213 3116 nuper

79 3120 185 3186 condis
207 3120 441 3205 epigrammata,
464 3121 539 3202 puto
562 3121 775 3186 hebdomadon
797 3121 906 3205 elogiis
922 3119 1104 3203 praenitere,
1129 3117 1210 3200 quod

80 3206 154 3271 hacc
177 3223 273 3288 aeque
296 3207 413 3283 sobria,
446 3224 503 3271 nec
530 3208 636 3272 tamen
662 3224 750 3272 casca
771 3208 855 3270 sunt.
877 3213 879 3217 ’
899 3205 960 3270 Illa
983 3208 1060 3272 bono
1082 3205 1209 3268 metallo

15 3292 17 3297 ’
80 3309 152 3356 ensa
179 3295 268 3356 torno
296 3292 378 3376 exigi
401 3291 587 3357 nescierunt.
612 3293 653 3357 at
675 3292 828 3358 duriorem
851 3291 1014 3356 materiam
1037 3290 1098 3355 nisi
1120 3290 1212 3354 fallor

79 3376 240 3442 adniteris.
285 3376 343 3441 Ille
365 3377 590 3461 Pythagoram,
620 3377 673 3459 qui
701 3378 820 3442 animas
849 3378 882 3441 in
904 3376 1125 3442 aeternitatem
1146 3375 1211 3456 pri·

79 3480 149 3526 mus
172 3462 315 3541 asseruit,
337 3462 393 3526 ille
415 3463 588 3541 Platonem,
611 3463 664 3544 qui
686 3463 759 3528 deos
782 3480 847 3527 esse
869 3461 1040 3545 persuasit,
1062 3461 1117 3525 ille
1139 3461 1212 3526 Ari·

80 3549 238 3628 stotelem,
273 3547 326 3630 qui
355 3550 500 3612 naturam
530 3550 606 3613 bene
628 3548 774 3630 loquendi
802 3547 838 3612 in
865 3549 965 3613 artem
986 3546 1122 3630 redegit,
1156 3545 1211 3609 ille

79 3649 246 3715 pauperem
264 3632 402 3712 Curium,
426 3633 479 3698 sed
501 3633 653 3698 divitibus
676 3633 917 3715 imperitantem,
941 3631 996 3697 ille
1018 3629 1229 3697 saramalla.

79 3723 176 3795 tonos,
197 3718 323 3803 gentem
334 3719 472 3797 Fabiam,
491 3718 600 3783 decora
607 3717 795 3801 Scipionum,
811 3718 973 3800 totumque
987 3717 1080 3781 illum
1095 3716 1209 3781 trium·

79 3804 204 3886 phalam
233 3805 376 3868 senatum
397 3822 489 3886 parea
511 3804 601 3868 laude
623 3805 822 3886 perstrinxit,
851 3808 886 3867 tu
908 3805 1025 3867 minam
1053 3801 1210 3885 proximae

80 3888 193 3954 aetatis
215 3888 386 3954 illumines.
425 3889 562 3954 Difficile
583 3890 669 3954 factu
692 3893 754 3968 est,
780 3891 814 3954 ut
836 3890 932 3954 honor
956 3886 1096 3971 angustis
1118 3885 1210 3953 rebus

79 3973 242 4041 addatur“.
280 3975 338 4040 His
360 3975 437 4041 locis
464 3975 523 4040 etsi
547 3975 679 4042 libenter
702 3975 899 4042 concedimus
925 3975 1024 4057 patris
1046 3973 1212 4039 laudema

179 4257 205 4325 ²⁸)
232 4254 385 4326 Symmachi
402 4254 576 4326 epistolarum
599 4269 662 4310 usus
684 4272 744 4310 sum
762 4253 880 4313 editione
896 4269 938 4324 ea,
952 4270 1023 4326 qaae
1037 4270 1060 4310 a
1074 4250 1220 4310 iamim„

10 4312 14 4319 ’
79 4323 165 4383 Pereo
182 4327 322 4396 procurate
338 4325 442 4395 prodiit
460 4325 575 4397 Neapoli
591 4323 743 4384 Nemetum
758 4343 786 4383 a.
801 4331 886 4384 halt.
1115 4402 1156 4448 ᾖ
