2700 4582
1204 104 1247 173 39

88 293 214 356 rimae
229 309 354 373 prorsus
370 291 617 374 deperderentur,
641 290 787 373 epistolae
802 290 1011 375 ignobiliores,
1035 311 1110 376 quas
1127 314 1164 360 ne
1180 295 1247 378 ipse

91 376 243 460 quidem
258 376 389 459 scriptor
402 374 558 454 edidisset,
583 380 630 442 tot
653 380 857 441 servarentur.
901 376 1002 443 Causa
1024 378 1102 443 mihi
1125 379 1247 446 videtur

90 462 228 544 duplex
251 481 326 540 esse,
351 462 458 539 altera,
482 462 561 545 quod
583 462 717 538 litterae,
741 481 811 527 cum
837 463 929 528 multi
952 464 996 529 eis
1019 465 1188 542 uterentur,
1211 467 1247 531 ut

92 565 289 613 sermonem
313 567 403 612 suum
426 547 473 612 ita
494 548 678 630 expedirent,
714 547 834 630 saepius
857 550 889 614 et
911 549 1083 614 accuratius
1111 550 1245 633 descrip-

94 635 163 698 aaa
187 633 272 710 sunt,
295 634 403 711 alteru,
428 632 508 715 quod
522 633 602 698 inter
618 633 764 717 epistolas
786 633 860 698 libri
876 634 987 699 decimi
1010 634 1246 700 habeturetiam

97 717 227 802 petitio
248 737 304 800 pro
327 735 380 782 ara
402 718 567 795 Victoriae,
591 737 669 801 quaa
693 722 767 784 adeo
783 719 939 784 celebrata
961 720 992 784 et
1012 720 1153 785 lect‘tata
1168 722 1245 799 erat,

99 805 149 867 ut
172 803 301 887 reliquis
324 805 419 868 etiam
434 803 575 887 epistolis
598 810 679 869 esset
702 806 927 886 quodammodo
949 804 1151 883 firmamento,
1175 824 1246 871 cum

102 890 279 964 crationes,
308 906 385 971 quae
408 907 506 972 neque
528 908 547 952 a
568 889 741 954 rhetoribus
764 890 931 956 imitandae
954 893 1193 974 proponerentur
1214 893 1246 956 ct

106 975 282 1058 exemplari
310 993 382 1056 prae
413 974 523 1039 ceteris
551 975 712 1057 tantopere
735 974 885 1040 eminenti
907 978 1058 1054 carerent,
1089 979 1244 1044 communi

107 1061 161 1123 tot
184 1060 370 1142 scriptorum
393 1060 475 1125 sorte
497 1063 654 1142 correptae
676 1061 750 1124 sint.
1016 1126 1019 1131 .

218 1145 337 1222 Restat,
361 1147 397 1210 ut
420 1164 494 1210 num
517 1145 580 1209 alia
603 1164 721 1230 quoque
745 1145 948 1230 Symmachus
971 1147 1128 1230 scripserit
1153 1166 1244 1230 quac-

112 1248 240 1379 ?ttl’
264 1230 447 1380 arran
466 1231 603 1398 ltlrlt
622 1231 701 1384 allll
716 1230 1245 1402 t⁰taltlatallal⁰llt

114 1399 324 1469 Alexandrum
337 1402 517 1480 Mammeae,
534 1404 569 1466 ut
584 1400 662 1466 dicit
673 1401 875 1486 Symmachus
888 1405 919 1466 in
935 1403 1043 1487 quinto
1058 1421 1131 1468 suae
1145 1402 1244 1468 histo·

114 1484 178 1549 riae
199 1486 309 1550 libro.“
357 1486 472 1551 Narrat
494 1487 537 1551 ibi
553 1486 725 1552 Jornandes
742 1486 918 1570 Symmachi
934 1487 1095 1553 historiam
1110 1489 1243 1565 secutus,

114 1588 248 1653 quonam
270 1572 359 1635 modo
380 1572 579 1650 Maximinus,
604 1591 792 1655 quamquam
814 1571 922 1636 infimo
944 1572 1010 1638 loco
1033 1574 1135 1651 natus,
1158 1592 1245 1640 sum·

115 1673 181 1720 mos
193 1658 300 1721 tamen
315 1658 446 1722 honores
462 1657 592 1740 adeptus
616 1657 658 1721 sit
673 1658 819 1739 additque
835 1660 867 1722 in
882 1657 943 1723 fine
958 1658 1095 1723 eiusdem
1118 1658 1243 1743 capitis:

117 1743 216 1825 „quod
238 1759 294 1807 nos
318 1742 430 1807 idcirco
452 1743 525 1806 huic
548 1742 694 1825 opusculo
716 1743 753 1806 de
768 1744 947 1827 Symmachi
968 1743 1099 1809 historia
1118 1746 1244 1809 mutua·

115 1825 225 1903 vimus,
250 1829 400 1909 quatenus
423 1829 557 1912 gentem,
582 1828 663 1892 unde
677 1827 809 1910 agimus,
835 1827 1067 1893 ostenderemus
1096 1828 1135 1894 ad
1156 1829 1243 1912 regni

113 1910 246 1976 Romani
268 1912 430 1996 fastigium
452 1932 548 1996 usque
571 1913 722 1978 venisse.“

216 1995 293 2077 Cum
322 2017 393 2063 vero
425 1999 517 2062 huius
550 2000 732 2063 narrationis
766 2003 922 2064 auctorem
951 1999 1048 2063 alium
1075 1999 1242 2064 habeamus

113 2080 262 2232 pullum,d
274 2082 313 2147 ad
336 2102 498 2167 quemnam
524 2083 744 2165 Symmachum
768 2085 928 2164 referatur,
952 2084 1102 2149 incertum
1125 2085 1173 2148 est
1194 2102 1244 2149 re-

124 2184 241 2248 mquen
264 2186 325 2232 um.

419 2372 453 2440 ll.
478 2371 522 2440 lle
545 2371 732 2458 Symmaabl
757 2373 929 2445 latinitate.

216 2510 253 2573 ln
280 2511 417 2574 extrema
444 2511 662 2577 dissertatione
685 2511 777 2576 verba
806 2515 956 2594 quaedam
984 2511 1081 2578 facere
1110 2511 1147 2576 de
1168 2512 1242 2578 lati·

113 2596 228 2671 nitate,
264 2613 324 2679 qua
347 2613 421 2659 usus
450 2597 499 2661 est
527 2596 744 2662 celeberrimus
775 2595 864 2660 illius
890 2596 1003 2661 aetatis
1026 2596 1145 2672 orator,
1180 2613 1241 2661 non

112 2681 311 2762 displicebat,
347 2699 409 2762 qua
440 2680 473 2744 in
502 2681 681 2763 quaestione
716 2681 971 2764 distinguendum
1007 2681 1128 2746 videtur
1160 2681 1242 2746 inter

112 2764 264 2831 orationes
287 2769 319 2830 et
342 2764 499 2846 epistolas.
524 2766 624 2849 Supra
646 2767 731 2831 enim
754 2765 816 2830 iam
837 2768 1049 2843 monebamus,
1072 2765 1242 2849 imaginem

112 2851 227 2915 summi
248 2849 335 2915 illius
359 2849 433 2927 viri,
468 2869 563 2934 quam
586 2852 763 2916 etiamnunc
790 2851 879 2917 nobis
906 2851 1052 2934 effingere
1078 2869 1242 2934 possumus

112 2936 280 3020 diligenter
312 2935 515 3001 consideratis
544 2938 665 3003 mutilis
694 2937 870 3003 orationum
898 2935 1083 3020 fragmentis
1112 2954 1240 3019 magno·

111 3040 181 3104 pere
204 3021 320 3087 distare
343 3021 381 3085 ab
410 3021 531 3086 eximiis
554 3023 713 3099 laudibus,
747 3021 860 3105 quibus
887 3024 927 3087 ab
953 3021 1134 3103 aequalibus
1161 3020 1240 3086 cele·

111 3106 259 3171 brabatur
293 3105 444 3170 omnibus,
489 3106 571 3171 Nam
605 3107 744 3175 Tulliani
777 3107 882 3172 mellis
916 3107 1110 3185 facundiam,
1148 3125 1240 3188 quarn

111 3189 313 3274 Symmachus
343 3191 425 3254 tanti
447 3191 558 3256 habuit
586 3211 766 3275 semperque
794 3192 982 3258 imitandam
1009 3191 1183 3275 proposuit,
1207 3192 1240 3255 in

110 3276 227 3426 acac
247 3275 526 3445 cellaturae
541 3279 1240 3445 ,abach„caratauc-ruauh

109 3446 313 3511 festivitatem
335 3448 366 3510 et
388 3447 455 3511 arte
478 3448 631 3513 excultam
654 3447 776 3514 dicendi
798 3449 988 3533 elegantiam
1010 3448 1133 3515 utinam
1155 3468 1240 3515 asse·

109 3533 198 3596 cutus
221 3533 311 3596 esset.
355 3530 416 3597 Sed
439 3550 509 3596 cum
533 3533 634 3618 quivis
657 3532 789 3618 scriptor
813 3554 872 3599 non
895 3536 933 3599 ab
956 3533 1043 3598 omni
1065 3536 1240 3619 temporum

109 3617 319 3682 coniunctione
352 3616 510 3683 seiunctus
539 3617 582 3683 sit
616 3618 806 3698 metiendus,
841 3620 895 3684 sed
923 3637 993 3684 cum
1020 3620 1098 3702 ipsis
1127 3622 1239 3704 aequa·

109 3701 191 3767 libus
214 3702 346 3769 collatus
375 3721 410 3766 ex
437 3722 492 3768 sua
514 3706 615 3769 aetate
637 3703 747 3770 debeat
768 3704 945 3782 aestimari,
979 3704 1012 3769 id
1040 3706 1073 3771 in
1096 3705 1239 3788 Symma-

109 3787 200 3852 chum
230 3787 401 3870 opportune
434 3788 520 3856 cadit
553 3789 642 3873 eique
674 3809 822 3875 magnam
851 3789 1068 3856 auctoritatem
1101 3789 1239 3873 alioquin
1327 3838 1331 3847 .

110 3872 284 3956 negandam
308 3874 389 3938 certe
411 3874 502 3939 restit
526 3874 559 3938 't
597 3875 642 3939 At
664 3874 728 3940 iam
752 3876 954 3942 oratiunculis
975 3874 1066 3941 facile
1088 3874 1238 3962 neglectis

109 3961 146 4024 ad
174 3959 275 4040 ipsam
310 3957 511 4040 epistolarum
539 3978 704 4026 censuram
732 3961 888 4028 adeamus.
933 3960 1016 4029 Nam
1044 3960 1081 4026 ut
1108 3962 1237 4036 taceam,

108 4045 188 4124 quod
211 4041 379 4108 familiaris
408 4044 585 4110 litterarum
615 4065 689 4111 usus
718 4049 749 4112 et
779 4048 1031 4129 argumentorum
1059 4046 1183 4113 exilitas
1204 4045 1239 4113 id

108 4146 212 4193 secum
235 4127 313 4191 ferre
336 4129 424 4205 solet,
448 4130 485 4194 ut
506 4149 607 4195 sermo
630 4131 838 4216 negligentius
861 4132 1087 4216 quodammodo
1101 4133 1133 4199 ct
1154 4131 1236 4201 solu·

108 4211 171 4277 tius
200 4213 342 4278 decurrat
371 4214 403 4280 et
436 4233 528 4301 saepe
555 4234 627 4285 eam
657 4217 724 4286 sibi
747 4220 863 4307 poscat
884 4217 1080 4291 nauatam,
1104 4235 1189 4295 ab*
1210 4217 1258 4273 Q

96 4296 170 4359 aliis
190 4296 419 4377 scriptionibus
439 4303 509 4372 iam
523 4308 655 4392 propter
671 4307 949 4394 argumentorum
957 4294 1290 4388 garamantum
